1090 954
20 0 1072 57 aurencius filius Laurencii de Prestone chutaler iniuste etcitiris disses terram
11 51 1070 113 Ithimissie Cut de libero tenemens suo in prestoum iuxta sebant post pramat er Et onde querntut quod diss¬
4 93 1057 146 enem de quo propione capitendam pro custode para de prestone et bosca vocati Hamho et duaru culturarum
730 129 829 161 capund
7 135 1060 183 que vocantur Harnho Stoltyngset onus culture vocate la hale scilicet bun denarios et obonum micaelis
5 181 1064 235 dielibus anni pro ointualibus suis et decem solidos ol ona rebam vracqi decem solidos ad Natale domini Sinellie
9 217 1076 282 anno ats at protitulo liberi tenementis in hica parte et cer diot quod quide Laurenciam dominis de Preston miles patr
8 262 1049 310 predicti Laurencii cus hereg ipuet est dedit concessit et carta sua confirmavit cuem Humfrido
9 291 1070 363 RGningfeld patre predicti Elie cuius heretis ipse est custodiam para sui de Preston et bosci vo¬
5 325 1061 398 cati Hainhio et duorum ounturarum terre cum pertinentiis que vocantur Larnho Stokynes et unium cultu¬
8 371 1047 436 vocate I me etc hid et tenendum eidem Humfrido et heredibus suis de cepore suo lextime proreatos et c
7 409 1060 476 Et concesi tet pro se et heredibus suis et assignatis quod idem Humfridus et heredes sui de corpore suo lextime procreati
1 428 1084 519 per matrus omas xeu herieum sues Ballious Seu assignati in manerio de prestone qui pro tempore fuerunt percipient quolibus
8 456 1084 548 die ad manalla sua unum denaris t obolum et quolibet anno decem solidos et una roba prediri decem solidorum quolibet
3 504 1070 562 anno ad Natale Dominus teris et qod precicto Laurencius et hereus seum assignati sui in quoranconmique marnis manerium de
7 554 1068 610 de prestum cum pertinentiis inposterum deveneit sen perci predicto custodiam predictam in ferma predicta predicto Humfrido theris
8 577 1067 638 suis predictis vrantizbunt et Et profert cartam predicti Laurencii que hoc idem testatur t vnde dicit quod ipse su
13 627 1053 696 sacte Fuite de prolao predicto t de liberao tcapiendis in forma predict quiousque predicto Luri pastum imiste diciis et hoc peti
12 653 247 712 quo inuretur per assinam et
9 697 1048 753 et Laurenons not eou et quidem habenum de Helpiston' respoveit pro eo teramqna eius beldis et et pro ipse ut tenentater
13 734 1060 796 dit quod meno tenet ei qaod hoc habe respondere quo dicit quod cum predicto Elias se questum sit dige de predicto presecvo annui
20 771 1070 825 atim apindo de manio de Prestone atc quidem Henricim le fenere tenet de eodem manerio unum mesuagium et medieta
20 805 1040 856 teti inlugat et cum pertinentiis et Gilberts rolgn unum mesuarium t medicalm ui vigarte et cum pertinentiis de eod
18 835 1060 886 manerio tenuerunt die impetoris bestris t vidit duobecim die Mari lcio preterito qui quidem Henricuo et Gulluas
19 862 1047 924 non nomiantur in berene et paoter iudicium t Et predictus Elas hoc nen potest dedicere son eiu est quod predictis
55 886 170 937 eac incum ae
185 902 953 953 at per braete etc Et sit in nna pro fase clamam et Et predicto Hauri noere
715 910 953 953 curia inde sine die
