1121 1171
26 8 1103 75 Asisae aturit e canmo manio semir imiuste etca disserus Willelmum Bonti de Glapthore tene cora pasturi
39 36 1098 109 que in daratom que pretunt esd liberum teneam quam mn eas illa posquium et Cqone queitum quod vissiras eu te
28 75 1090 148 comma pasture et contandi in sex acris prati cum omnimodis averiis t quolibet anno atempore falcacionis
196 102 1087 179 sque ac feptam iure beate Marie t et Willelmus de sancto Maturio ven Et diet quod assisaenoni
32 136 189 180 et levacionis feci¬
32 134 1101 216 iedet me seri autenui os temptor Rogeri et fie domini Regeis nunc ati tenementum paras villi coriuni ad que
38 172 1094 246 dict cam prture in prdiciom pat esse etinentem raum qateum fratum quod iaem Willelmus de Sando Marico nut tenet
39 211 1095 281 suguirt in sesina cuisdam Radulphi de Hauyneton in dominico suo ut de feodo quo tempore comma pasture in aliquo
35 238 1111 318 prio oo suo ac aliquod aliuo prpsti sollim eiussem non pertinuit nec de iuredia pertint pertinere tamn durante possessicioe
64 280 1094 328 tam Radulpho d troqua tenemento omvila geme null pendoncia co in uno predictis tamnt ad aliud cone atc ai
46 292 1098 356 potunit tice poltit indionam ec e Willelmus Broun non dederit quin utraque tenementa predicta fuouit cvuils
39 324 1099 387 Demel in geria practi Raduli st dicit quod ipse hibiet in predicta villa diviersas antiquas tenuras ad quas comman¬
43 347 1099 422 pastire in Dicto prto gtro et de antiquo ttiuit u qua tam penict quando Willelmus vil auic et ciberi
44 380 1101 443 uunicus eius quam eram alii ipsa tenementa tenentes fueruint gtuifici ut pertinente ad unde omne predctus
62 407 1098 474 Gilbertus te sancto Maurio nullam sepalitatem in predicto prato allegat fmisse tempore predicti Radulphi et tam
64 434 1094 494 alas Trun paui possisione suam de predicto conram patus sit verificare per assinam pacit indone
42 466 1086 529 si t ara prata ropadi dbat u E Willelmus de Sancto Maurio dicit quod Mruo predictus Willelmus
43 503 1087 576 Broun non Dicit vincam vorsuinam preaci Radulphi in forma predicta in utror tenementam hartam cuius geisina
47 527 1091 594 omninodim commuem extrlusit de iure t iem Willelmo nullum totulum ostendit pro quem ius comntandi
44 559 1101 640 uidem e acrestere potunit post semam predicti Eidri predictam petit pudicium si ad aliquam possissionem
46 597 1099 671 commone sicit predictur Ortluse vificonba de tam tardo tempore amicci debeat nisi de aliquo novo tacilo
48 621 1092 685 cimnem atribuonte decere possit c Et Willelmus Bromi dicit quod diuise tenure terrar at prator in predicta
55 658 1076 724 villa de Hamyngton eparsum iacentes racione quar quilibet tenens et altius tenuris semper
48 707 1092 761 hactemi Ttempore quo noui extat memena pest vesturam assipetatam inteonearunt pari iure a
51 711 1099 783 aduic interoverantur Et quo ad hoc quod predictus Willelmus de cto maurio assert predictam commuem tempore vini¬
51 746 1071 824 cesue predicti Radiati fuisse clusam cum non sit simino eo tempore durante pocuis in quendam
54 755 1086 857 modum patendi conissa diucit quod quantacius ipsa tenementa in manibus dimisci disppsa fuerunt statim comrmam
58 797 1101 884 predicta tenemento quod quod pur perenunt e adest et remieit pro quod 1 quo pratus sit per assinam
59 832 1090 899 benficore tm possesinem mom propam quam lompnam eisimam prectorm Willelmi pratri Pobiti annuicti qiui
60 852 1058 949 et ceto tenenoum predictom modo quo predictum de tonto tempore isitatari vicetrm ci quod hoc cibi¬
62 910 961 981 onsftricie deat pro teilo a assisam instam in cersfui isto antingendim Et proter udionem ec
59 910 1094 992 seciti pratorct idnis te tenm maunrie dict illvis per precicta afsia outencoiis exludenda quod predictus cel¬
63 950 1083 1035 Prum nullam aliqum terram tenet in predicti villam de Hanyngton nisi illam tantum quam predictus
60 976 1086 1076 Roberuo de Hauyngton tenuit vnanimeti cum predicto prato unde ronibus predictis consutratis potr in dium
55 1012 1086 1082 vi cossia ista sine novo tortulo prectere debet ic postes predictus Willelmus Troui non ost proso f
63 1048 1098 1110 ceneri est quod pertinentis sillites te tanmo acno ect inte une de et predictis Gillelmus arromi et plea
55 1095 687 1168 mi d prit cailtis Iohanne Broun a Ricardum le Rodein nam etc
