1113 708
17 0 1080 74 Wilelus Malher de Falkelence poti versus Iohannem filius Willeli Hario de Braundeston' unum mesuagum septem
17 40 1062 109 acra terro et veditate vinis acre pati cum pertinentiis in Araundeston que una cum aliis duobus mesuagtio
29 90 1084 154 quada raginta acrae terre et dubus acris prati et dimidiam cum pertinentiis in tadem villa Ricardis Godefrey de Braun
21 134 1072 182 testona capellanios decit Rogero de Falkelene in liberum maritagium cum mariota consiangrea eiusdem Ricardi E
49 166 1084 207 pro post matem prtegre uexgria et Marice et liberi filia et cunius heredibus predictous Rogeri et Marite que illa tenuit in
43 197 1079 244 cartar ipsam de pratis tribus mesuagiis quodraginta et septe acris terre et tribus acris prati per particionem inter
43 237 1066 283 anum Lonete et tminai et Matillis srores eiusdem lignetis filias et alteras heredum gentorum Rogeri et Ma¬
448 268 1078 307 l et heredi predicte lintm deendere dibet per feuriam dona
266 264 423 303 item prefate villelmus
96 270 248 308 Lactam contini
24 290 973 327 pdcictum Rroripti Eodefro deit prata tementum pertinentiis maca predicto Rogero in liberam maritagium cum prcta maricre per quod dominti
260 311 1076 364 de Icem Willelmus ticit ut s idem Rogerus et parisa geriti fuerunt de nt
17 320 231 356 conis predicto terre et
53 345 1079 391 toeni protro per fomni denadim tmpere pacis tempore domini E regis in doni regis munc¬
11 372 1076 440 caputi n de quo a artais ta t e redis aerum arta defedi sus et predictis Agem Enunet Ma¬
17 417 1070 473 tat et fucar et heredibus etea et cai predicta Lygen descendit ius partis sue predicto Willelmo qui mrnc 1t sc
17 453 558 520 et heredes et et quet Et inde predicti cortam et
29 474 1086 547 et Iohannes filius Willemi xi et cefedat Ius sumini quan eto et dicit quod predicto Willelmus nichil iuris clamaim potest in predictis
20 528 1079 579 tenements et pro dict quod pratirie dicris dedit ten predicta predictis Rogero et Maricte in feodo simplici et non¬
20 566 1072 613 in liberum maritagium sicut agraem Gilatus pro reste oum supont et de hoc pontet se super patriam Et predici
16 606 1066 674 Willio omibis soc prepiptum Ettot quod renarie factus hic de calat qroxim post festum sancti Iichali 12 et per quo
17 631 512 702 et Et punec et eca ad recogni et c grama tam et c
