1112 1098
848 0 906 34 i
782 0 841 31 S¬
627 4 1085 70 s Galfridum Aibbatem de Beto hersebn dolibuo tenemento
7 4 410 67 ssas eim rooum em henris carpe et Iudanma e
8 59 1089 98 curo in udon we post parum etc E vondendem liberas per Ricardum se Dlomid atcoratum suum quertur quod tessasam eum de uno mesuagio
11 89 120 134 cum periteais et t
11 101 1085 157 Et predicti henris et Itiana non totum ut quindam Thomae de Welton' aundet pro eisre ballus etc et dicit quod predictis libras iminsteris
10 149 1080 198 assam istam versus eos quia dicatue ipsi tenent predictum mesuagium de igao liberbate vt de ireius Iufane et perfunerm quam
15 180 1074 236 ipta Iuliana feciat in curie ipstris liberatis et quod per liberacionm balli ipsius Abbatis intruerunt ic eodem mestiagiis tenes per craa ser
12 210 925 265 nica e t nonperdissedu tc et de hoc peuint se super assisam et liberas simili ss capialias asssa etc
11 235 1069 288 Et sur de consensu parcium elti dicunt super sacramtum suum quod leberas de Beto Herlewin est doinus maneri de Wedun Sek quod pr¬
12 277 1076 315 dicti Henricis et sulana sun tenentes manerii predicti Et dicunt quod tal estconsueturo in manerio predicto et fuerit atept quo non ex
15 304 1066 343 tat mentua uicusque viclelicet quod post mote culibet tenentis de eodem manerio propinquio sanct ad ttaum illam petetonde
16 330 1066 363 veniet ad curie ipsius libertus corm silllivo suo seu eius locum tenente et facierum fure pro ingrum habendo inc eosdem tenemento ad totelm
16 358 1081 390 tatem ipusm libbertis et samnam inde optinebit per virgam ex liberacione valli et si alsiquis de tenentibus dicti Riobbeartis colit terra
15 385 1082 418 cuam dimitde alicui rineo on cueiicio veniet ad curie ipapsus abbatis et tenes terram illam reddet garsum in mano
19 412 1082 449 Domini et ad extraenois seu aouentitiam illam resumet ex liberacione balli nadibues predicti per virgam tenend secundum consuetudinem ma¬
19 440 1070 472 ndi predicti et per finem faciendo ad toluntatem ipsius libertis Et si aliquis extrnen seu aduenticii ingressus fuerit in uuimodi
16 468 1076 506 tenementis contra contintatem libtris licebit eidem librai ipsium amonerem eterram illam interare et in manci ua tenere quousque
19 502 1082 541 fuerem inde fecerit pro voluntate ipsius abbatis vicunt eti quod nullus tenentium de manerio predicto de Aliquibus teri infra idem
11 523 1089 571 manerium existentibus plunare debet nec unquam plaiavt per bretre de recto clausi nec per besrem de recto pateno ad torem legem
19 554 1082 601 d tommodo in curia ipsius libbertis ad quermoniam pertinentium coram ballis ipsius Riberis sine berati sicvit et qo omnes tenente
11 584 1088 622 manerii predicti ad antiquo tosiari consueverunt cingilrie annis et temporibus retr atis talliati fuerint e contum solidom
15 616 1096 663 tas unum Palefridum prectii sentum solidorum ad roluntatem fitris loberis Quousque halli ipsius Liberus pstea pluis exigernt
12 646 1096 688 et sevaverint ab eisdem de coliagio predicto pro colmate sia iam viginti annis capsis vicuit set quod omnes tenento
10 673 1096 725 predicti debent facerioe finem cum predicto libbate pro fileriabus omnis maricandi et erunt preposci ipsius abbatis per eleccasoem tenentium
12 710 1097 745 ciis sue Preto sicunit etiam quod predictus liberas natrit dimisit predictum manerium cum pertinentiis cudam Rogero a Gelegrane tenuond
7 734 1092 777 ad termini amorum quam quidem Rogeris predictum mesuagium cum pertinentiis in curia ipsius libbeatis liberant predictis Henrici it Sullane te¬
8 773 1092 808 nendam siri e xeredibus ipsius Iullane secundum consuetudinem manerii predicti perfunerem quam inde fecerunt cum eodem in curia predicta
4 804 1085 845 et ut proesti si predictus Rogerus fuit balli ipsius Roberis potestatem herneiot ad curer suas tenendam et ad uum moo tras
0 831 1092 878 tunctendos o fines inde recprenera dicunt quod sit Enesiti eciam si ide libas vel aliquis nomine rsno anno
7 865 1092 910 ante patos henricus et sulanam post liberawem eis inde lideum per predictum Rogerum seu notrntur Martei Sicunt quod
12 882 1087 928 non Queguti eciam si predictus libbas ratum habunit feactum predicti Rogeri quo ad liberatem predictorum tenementum dicunt quod non sui quancitius
16 924 1082 968 nec e contagar in pecareset assisam isdam versus practis Henricum et Iullanam Et quia compotum est per assinam istam quod
19 954 1096 992 paret venri et succonra intuerunt nechi predicto mesuagio per siberadem predicti Rogeri balli puimor liberatis heneritis potestate itam tenement
18 987 1088 1032 radendo et tenertmrio dici nibis et per funerus quemi cum et feterunt uo quod ipsius Aibbertis absiqe aliqna niuras ven disseta eidem
18 1017 1091 1069 ntri inde paciendam cus et quod predictus libbas nichis capiat per assinam iscam u sit in mia pro fars camai et quod predici Henric
19 1057 1097 1097 et Iulanda eant
207 1047 285 1093 hie Dre
