1172 1263
47 10 1141 85 Richelimus Berebonght et Margia uxor eius per ipsum Nicholaum attornatom eiusdem Margie ep se versus Li¬
53 63 1129 107 icebaldum le tallour de placito quinque acraum terre cum pertinentiis in boseyate quas clamii ut ius ipsius
45 77 1162 144 Mariie versus eum et pargarta hxatrem eius per bretem de ingrum et ipse non veno et tam ipse quam predicta
43 112 1160 188 margarta alias fecerunt desaltam postsum sum fuerunt essendi hic ad parum assisam etc ita quod tunc peter
49 149 1160 209 fuit vict quod capet predictam terram in manum dicti regis Et diem et cera Et quod sum eos quod essent hic
42 178 1147 231 Adhunc dice scilicet die Lunc in crastino quindene Pascha et ca Et vicer modo maneat diem captigie et
50 212 1165 258 Et quo summa cia Et super hoc venit predicta Margarea et petit quod ipsa per desaltam predicti viri sui no amittat suo
54 238 1165 284 suim cum ipsa pata sit eis inde respondere et c et admittitr etc Et predicti Nicholaus et Masgia petuit versu ea¬
46 277 1161 319 pedictam tertam cum pertinentiis ut su et hereditatem ipsius Margerie Et quam idem archibaldus no habebit ingrau isi¬
54 307 1154 353 per Rogerum in Chewyk' quondam tiurum Isabelle fili Hugonis le Wolf de Eston vanditr matris predicte Mar¬
54 339 1167 376 gerie cuiu heres ipsa et qui illam e dimisit cui ipsa Isabella in vita sua contradicere non potuit Et unde
46 360 1141 403 dicit quod predicta Isabella mater etcer fuit seisicta de predita terra cum pertinentiis in dominico suo ut defeodo a sure
54 389 1165 435 tempore placis tempore C Riogis patris domini Nnunc capiendo inde explet ad valencia etc Et de predcassabele
49 414 1158 484 destendit sus tcm ssti Margeie s nunc petic ut filie et heredi Et in quamaco Et inde producit sectama
53 452 1141 509 t Margareta vebi et defendit sus suum quando ac Et dicit quod predicti Nicholaus et Margeria nichil i
56 493 1150 535 clamare possint in peticta terra cum pertinentiis Qrva dicit quod predicta Margeria dimidi solcti fuit concessit et quietum
56 512 1143 566 fiarmavitur ipsi Margarete totum sus quod habuit in eadem terra ista quod nec ipsa ne heredes sui aliquid iuris
50 538 1144 591 gili clam in tera illa exigere vel vendicare possent imperpetuum ec pofert quoddam scriptum sub nomine predicte
54 577 1155 622 pargerie in hec Berba Omnibus Christi fidelibus hoc pesens scriptum visurias el audituris gargeria filii ethereis Ricardi
56 610 1151 662 Childeiuyke de Gosrate salutem in domino sempiternam Naveritis me in pura potestate mea dedisse conces¬
60 631 1150 690 sisse et omnino po me et heredibus meis quietuam clamasse argarete soroil met et hedibus suis ac suis assig¬
59 665 1148 712 natis totum unt quod habui vel aliquo modo habere potui in quindecim selionibus cum duabus chenici terre arabilis
59 690 1136 747 in campo de sospato iacentibus cum omnibus suis pertinentiis sicut pro quandam cartam feoffametui pate de dono et
60 712 1140 774 concessione Roberti cui le Wyk asssabelle uxoris eius matris mee ita tame qod nec ego predicta Margeria
63 751 1150 800 nec heredes mei nec aliquis per me nec pro me con noveo nostro in predictis quindecim clionibus cum duabus henic
67 782 1157 833 terre arabilis cum omnibus suius pertinentiis nec eliquid iuris nc clamim decetero poteriu exiger nec vendicare in perpe¬
64 814 1136 860 tuiu set semper inde cumniums excrlusi s cuius rei testimonium huic presenti scripto sigillum meum apposui Hiis
66 843 1141 892 testibus Thoma filio Hugonis Rogero filio suo Simone filio Ricardi Ricardo Blveth' domino Gillelmo filio Roberti capellano
67 867 1150 916 et aliis Datum apud ospate die mcturi proxima post festum ot sulano virginis a marciris anno regni regi
72 899 1141 937 Edwardi tercii post conquestum periu et peti inden si contaam fanctum suum predictum accionem habere possit Et
60 928 1153 978 Nicholaus et Margeria dicut quod tauem in predicto scripto contineatur quod ipsa marteria terram predictam desisse debur¬
70 952 1155 1006 pedte Margarete supponenda canle Margareatam intrasse in terram illam per ipsam margeiam et nono per predictum
74 981 1118 1024 Rogeri quod est est contrim predicto bretei suo quod quidem bete pati sunt verificare unde petuit indem et
68 1017 1122 1054 E garganreta dicit quod licat predicti Nicholaus et Margeria petendant inficare quod ipsa marcaneca intrunc
72 1038 1151 1093 in terram predictam per predictum Rogerum a nono per domnum prate Margerie pout in predicto scripto continetur sit tame
72 1083 1130 1129 alia libera in scripto illo contenta que siuta ccione ipsorum Nicholai et Margeie exclisina indepecit quod idem
72 1122 686 1176 Nicholaus et maluteria ad scriptum illud plone respondeant et c
74 1157 1150 1206 et Nicholaus et Margeria dicunt quod scritum illus eis nocere non debet quia dicunt quod tempore confeccionis eudm
72 1185 1114 1246 scripti fuit predcta Isabella mater ipsius Margerie de cuius seisina aciis superstes et in plena vita ut hoc pati
128 1217 1172 1262 icare et petuit indin et
