1153 428
342 0 1123 35 Nicholaus et Margeria cognoscant scriptum predictum et sic perconsequens quicquid in
167 0 296 44 icut quod cum prele¬
13 8 126 60 Et Marigis
970 32 1101 65 cit etidm in
517 25 942 78 raenciam pro vita ipsium Margerie donatricis
410 25 510 71 ut sibi Wx
203 32 385 78 illiuds verum dedi ata¬
4 39 188 92 scripto ildo continetur et
963 58 1112 110 xluesi pretise pe¬
3 58 734 113 scripto ild continelt q Ralesto Martha et heredes sui ad accurnt petendi terram
3 90 1120 140 iudicium si contra warantiam et concessionem predictas accionem hibtere possint Et predicta Marcarea quefita per iusticarum si
753 128 1093 185 a vificare pretedunt dicit quod noi¬
10 131 724 181 predictum scriptum factum fuit vnente predicta Iabella sicut predicti Nicholaus et ma¬
1029 163 1130 217 Nicholam et
3 163 999 220 necesse ad hoc restondere Io curia hic haeat pro concesso Et qula precicta Margarta verificacionem pratre per prete¬
1030 204 1113 247 domnum per
3 196 1019 256 Margeram supius pretensam non admisit scilicet quod ipsa intrunt in predictam terram per predictum Rogerum et non
888 235 972 288 smondi ro
1 234 780 277 Margerie per quod segnitur quod scriptum predictum quo ad hoc veum dedi vacinum fuit
1030 232 1108 288 quem s¬
0 267 570 324 warantiam athere protut ac predicta Margeria per predictum scrpti
1023 272 1101 318 equal turnc
965 271 1016 316 mnde et
951 307 1083 361 Iabelle de
6 304 381 361 temporis nichil e descendebat ipam
874 310 942 363 pt predicti
594 286 664 368 pobaneo
691 313 865 363 mere suo post ne
14 339 160 391 uri fuert exon
938 346 1040 402 suam vesui
771 350 827 403 unu
42 377 106 427 Nrebal'
