1103 609
4 0 1076 46 et Robertus de Coleworth in sultum fecit in Ricardo le porter de Hunlio in campis te Mrackele et
15 45 1064 98 ipsum procissit cum quodam Lantea usque ad cor quod statm inde obit Et predcimonis Robelchis fatumi paro
18 86 1055 132 factum fugint t posted captede filiet capaisata Tastria soihci tocantis punierito predicto Iohannis H¬
15 110 1036 157 firis ith prde Lic senerde habedes vel tenentos tena qua Tenerum cara predicto Robenni consistantis
725 125 1080 192 Iohannes Dryan Iohannes Kugte et cherioum
14 143 672 206 siga cactam e 7s vrd s sic es poste uter testam
12 178 1076 232 te Marthe prstures suerunt prande predicta felomo facta fuit iimnanontes cunet in puam sintio quod Exprpredicto
763 207 1049 260 ri p FPostea ven prod
14 207 753 270 Iohannes Sryan sugt fo catom eiu confiscantur pro siega catam eius 7 d vne
16 236 1075 296 Iohannes Hyroyn et Thoma vel Marhe pro vicerits duct Et Iuraes in ullo malequi ipsum Iohannem eyryr de morte prete¬
11 270 1059 322 Et quet pro sens fuit ethuctois non levavit uter malefoies cepit fiao ibele Iohannis oistodiat Fosteaefoo
11 302 1079 358 Brani fecit sinem cum domino rege pro transorium predcta pro 20 d perslium Willelmi Richlo Et quod predictis cohertis
11 338 1065 402 fugt et reddidit set suspeccum demont predicta hon idem Thomas allocitir quarite se velit et
4 365 1079 416 tacen irte acquietarie restos morte tcoctli et quicquidicetr Et qod tinnillo est me custrabilis de bono
0 409 1083 462 strast ponit sesuper frram cffir villate de Brackele dicint super sarrnm sui quod predictis Thoi¬
0 444 1089 488 auillo est cofpabilis do morte predicti I sem Thoma ine quieta set qua presetes fuit Ero cepit
0 480 1089 522 maleftariom st mini Et no estaliquis qui rest pro predicto Iohanne quo devenit nec comprtues¬
0 511 1055 571 que attibs Oxon quod predictis Robrs de Colebatbe obut inprescna It as mdum de eatiem psius
10 538 608 608 Loberti super tenentes tenarum ipuius Iohannis [tc
