1064 712
8 0 1035 54 Rocardo d Lana Wenewell' petor versus Iohan de Therpe de Clepton onum mesuagium cu pertinentiis is sepitum
167 38 1034 100 cus hereditatiem suam et in quod idem Iohannes de Throp non habec ingressum nisi per Henrici quo¬
14 56 79 99 ut
18 74 1034 128 tam personari ecclesie te Osepton ecui Margeria que fuit uxor Willelmi de la Mare illud dimisit que illud tenuit
18 104 1040 159 as ttram suam ex dimissione quam Iohannes le carpentere de Uynewyk et Muriella uxor eius inde ferunt
19 145 1033 186 acem Mrigie et prefato Willmus quondam viro suo et heredibus ipsius Willelmi patris predicti Iohannis de la Mart cuinus
19 163 1034 218 heres i et et quod post demissinem per pauam Margiram prefato Henrico inlte facanam in feodo ad prefatum Iohanne
19 200 668 247 go sa Mre rederti debet per famam scatuti in casu confimili promisi et c
17 200 1024 279 Et Iohannes de Thop toenit e defendit Ius suum quai ' e dicit quod predictus Iohannes de st Mare nichil iosris tamare
29 246 1022 301 potest in predcto mesuagio quia dicit quo in geisina cuiusdam villmi de la Mare patris eiusdem Iohannis curica here¬
28 273 1010 323 ipso est filit quodam placea terre non eificata in qua pradictum mesuagium modo situatur et dicit quod ie Willelmus
26 300 1025 350 paceam illam dedit Henricum de Ludewync persone ecclesie de Clottone consangneo predicti Iohannis tets hicris cuic
27 332 1015 382 haeres i est habendas et tenendas sibi et heredibus suis imperpetuum et obliganit ee et heredes suios ad war etc
31 359 1026 398 Et profet quandam cartam sub nomine predicti Willelmi Prohot dem testatur Et pent indem ex quo idem Iohannes
28 396 1020 442 la Mare u fiale theres predicti Willelmi teneretur gant Iohanni de Thorpe predictam placeam warantzare si ab alio¬
28 424 575 482 implicarter si cont cartam predictm eatem haratrem possit et c
60 448 1040 505 sol eus de la Maie bene cogrant predictam cartam esse ftem predicti Willelmi set dict quod per cartam illati ab agenerio
31 487 1043 533 falildi no eet in hac parte quia tutit quod predictus Henricus de Lndewyntcl iniqum aliqui habuit in predicta placea de¬
69 520 1034 578 predicti Willelmi 1e eu sicut iemi Iohanne de Thorpe dicit Et hoc peti quod inquiratur pro partram Et Iohannes d
31 555 1031 606 ethemrpnobus mntur Io precpitum est vit quod venre fecitum hit die sovis proxima post festum sancti Martini proxim futuris u
31 587 320 630 et c per mo itc na am et c
60 597 1039 666 et quen ditta predictus Iohanne de la Mare de Weynewell' non est 10o s so predictus Iohannes de Thorpe inde fuit die
47 639 1019 701 timi pratiaois Iohannis dela Mario de Bernewell et plegi fui do pros minri nmoina villtet Willelmuo de Rdeburn et Robertu¬
53 664 120 706 redita
