1089 821
13 0 1055 69 Assia vatra rectoga sti Willelmus le clerk de Graunteston et Iohannes filius eis et Iohannis Conele de
14 51 1050 113 Halterky miursto at disseis Rogeru de Whyteby de Wateford et Margeriam uxorem eius et libera
12 80 1052 130 tenemenis super in Ashebyleg post pram et Et uicto queruntur sod dissers ego de qutinpue slitatm redritus tum peri
16 118 1043 169 et villls et alii non Uum get quidam Iohannes de Wayhyngton respondit pro etes tanus exi Gilbertus
22 166 1050 218 et pro prato Willelmo le Sarkrgict quod ie nichil clomat in redditu nec ansua iuriam ven d Isafm
22 188 1030 245 ci feacit et Et pro Iohanne filis eiusdem Wilelmum tanquam triento tet in uisui pantorum etca undes team
19 222 1039 274 togno et xagia asseriugt preictum redditum pervenire et ct nontenentur de eis nec sunt te erumfr
22 254 1048 309 s dominio etc et ptit uditum ec Et pro predicto Iohanne de Couele teonquam tenente predicti reitus
14 289 1044 343 dat qud predicti Rogerius et Margeria iuste se queruintur in hac parte Enadicit quod quitam Iohannes pater ipsius
27 326 1048 374 hehinis te Conele cuius habes ipse et obnt seistus de predicto reditu in dominico suo utere feodo pat cuius mei
18 344 1037 409 tam ipae intraut in predicto redditu ut filius etharnes pstuo Iohannis proinquior et sesnam suam inde hucusque con¬
19 380 1052 446 tinenit absque aliqua niura aut dissenam eisdem Rogero et Margerie ine facienda teram Et de hoc pont s sui
17 415 153 461 Assisnatim t c
18 435 1055 510 Et predicti Rogerus et Margeria ticunt quod predicta tenemea prta in visuata vide ac tenentur de ebis per predictum serui¬
27 481 1051 525 precictorum quinque solidorum per annui de quo quidem redditu ipsi seisiti fuerint ut de libero tenemento suo quonsa
31 514 1039 563 Ptrtii Willelmus et aliis ipsos nince intuste Tisses e Et hoc petunt quod inquirat per assignam etc Et predicti
17 545 609 606 Roberius et aliis per predictum ballium similii sonco capiatur assina¬
22 577 1054 632 Et Iuri ex consensu partium electi v a dicunt super saquasaum simm quod predicta tenemena tenentur de predictis Rogero
22 620 1021 662 et Margeria per servicia predictas et quod predicti Iohannes filius Willelmi IIsohannes e Couele disseis predictos
18 657 1035 688 Rogeru et Margeriam de predicto redditu sicut queruntur loncons est quod predicti Rogerus et pargia ecu
27 684 1032 742 ent iate selutaem suam per visum recognut et campna sua que taxant per eostem anc viginti soltos
25 715 1039 764 Et predicti Iohannes filius Willelmi Oschannes de Coueie in ma Et similiter predicti Rogerus et Marcgia in ua pro
23 746 393 794 falso cama vrsus predictum vilbem
419 753 1043 815 et perostea ie curia hic textra fracitum Rogerus Et giytapere cogram pre ftassatm os
19 782 820 820 compiis praters sincto pradicti Iohannes et scoto  n
