1187 2292
153 0 905 60 Sarset de Welledon Clmaler Iohanna veun in noa per plaribus de Faltis
91 14 1148 104 sactum troconum solutam puntem suguit in rostratua Abbatis de Fgyell' et prato qod perveant gr abbatio
81 70 1148 136 presentare coneam personam ac ecclesiam de Asshele quo vacat e ao sua setat donacinem et c Etonte iem Abba as
85 114 1149 179 per Nihlum de Staunford attornatum suum dicit quod ad pstum pertine ad predictam ecclesiam presentare suct emtrem quod que dam
80 141 1153 207 Ricardus de Sauny et quiedam Robertus quondam Abbas de Pywell' predicessor isimus lbebatis fuerunt commutatim seisiti
79 180 1152 245 ci cmaite ecclesie predicte tempore prcois tempore domini Ricardi r consangieri domini regtis nastri qui eodem tempore persendi
83 215 1146 283 ruat ead predictam ecclesiam quendam Rogerum de Patesmall clrium urum qui ad presentarentum suam fuit ad misuis
111 252 1157 310 tcus Et de ps Ricardo descendit ius pars sue de aditcacione predicta eondam ligim ut filie et heredi e e
95 286 1146 344 et fsectum qugam Petre Peverel eut fili et heredi ita quod racante fractra ecclesia tempore domini 5 dissenciorei ba¬
88 312 1154 381 inte predinum feqrum Peverel et quendam Rogerum tutt libratem predecessorem tc de presentacione ecclesie predicte super quam quiete
70 366 1154 423 tonssencine ia conenit inter eos quod Iectum feri heret prima presentacionem et becinis Abbas et successoregus sui bercam
80 390 1167 444 terram prentacionem ad eandem Et sit predictum Petris et heredes sui et predictas abbas et successores sui alteringginta
72 423 1153 480 qacs predictam ecclesiam laberio suos presentarent imperpetuum Et dict quod racante predeti eclesia per notem sercto Roteri de fam
68 458 1149 514 Iteshall' prtetmi pretris vircate conrencionis predicte ad predictam ecclesiam prenavit quodam Magisum Rionidun et
72 496 1148 553 Nageton clericm quri qui ad presentacionem quam fuit ad vossus et iusitactus tempore pacis tempore eiusdem Rexis
73 537 1142 589 r bacinte predicta ertua pro resignacionem eiuscem magistri Ricardi quicam Thomas quondam Abbas pre essor et
73 575 1135 626 to cauid ecclesiam pretant quedam Elbam de Graston' clericum suam qui ad presentdacionem cuera fuit acmisus
76 603 1159 665 et insitaciois tepe tarcois tempore domini H regis pa dui regis nerc Et diuct quod da predicto Petro tesirmori i¬
73 642 1144 696 presentaodum macerarum Honerat filie et heredbus Qaure quidem lctum marcanti prediti eclesia per cocam preprpi eliset e
72 673 1089 726 secuira ecclesiam presentavit quetam Wilerum Peverel clrium suum qui ad presentacionem sua fuit ad missuis ei
73 709 1150 768 ticuis tempore papr tempore einusace domini 1 h ita quodm arante ecclesia predicta per mortam predicti Willelmi Peverel qur
73 748 1153 802 polnes quondam lorcas procecessor etca ratine turini sui ad paum turncum pectantis ad eantem ecclesiam prenavnt quote
69 794 1153 843 Magreda le buryntun cucatm suum que ad presentaconem suam acmissus fuit et iustitutus tempore pacis per¬
65 822 1042 867 domini Giteg au tma Rininc E dict quod de predicta Lignera destendit ius et ca utra Radulfuo t filii et in¬
1047 832 1117 879 redi ar¬
73 866 1129 917 po Rgis amtre omi seper hapede de se destendit Iuts atcr tartam Ricardo te Fytyngon nut roinrama neorum t cm
76 889 1149 946 qui quinaque ficis pate qua anoracis ecclesie predicte alienauit atera Walteruo de Haungeton qui quiodam Galtem noram
77 921 1149 980 pedi eclesia pr mortam pera lurae per precinm Abate vllio presentati ad eande clesiam rove per misiti de precico Fartrete
80 973 1149 1022 ad quo nla tacacimone permunt presentisse rone cerrii aca presentavit quisedeam Nichlam te Mistaron larara suam qar
80 993 1152 1058 ac presenta otm cma sigam ad isuis a instiractis tempore pacis tempore eiusdem 1 E am etc Et dut quod macrate eadem
79 1026 1138 1093 ecclesia per fisgntasceone predicti pioari quodam ficiis Abbas predecessor et c ad eandeam ecclesiam presenaint quedam Racgim
76 1056 1150 1126 se Stbis leram omia qu a presenti cotem oncta sict a misis et qustatis tepore pacis tenire conserm regis et an¬
84 1085 1142 1156 ec et dauti quod cacare etas eclesie per sisnaitum prediti adlphs predictis Albalis de Laugitun in cario uo ad Mri¬
77 1141 1138 1194 tunc prtante axgente acciam presentavt quendam Thom de Blaston clericum Sunem quo c presenta coroarm suam fuit ad
79 1164 1138 1236 imisis tonsituri precupere prvico tenmpre eiusdem d Caur a cacd ita quds Maginte ead eclesie per mota predicto et horme
79 1202 1133 1266 Iuodam Thomas Alagas pecessor etr ad eande ecclesiam presentavit quodam Willelm se Harute cleriumi Sure quo
80 1245 1141 1302 ac presenta corm suam fucit admissus et instrictais tempore pacis tempore domini E Regis patris ni  mrc Et die
83 1264 1146 1340 qu rarante predicta eclesia pr notrm predicti Willeli predictus Galtris de Fangenun rdne terui Iun ad predictam e illam
83 1313 1138 1378 presentant quendam Magienum Robertum de Westunm leriam cora qu at presentacinm sua dcet ad m suia e que ituris et
88 1352 1135 1396 paco tempore consiedim Regi et prato eis pa am rsignacion predicti eclesia ode vacat Et duit quod rene tari in
87 1388 1137 1435 itagacacione ad paru abbate petantis ad pestum pertinet ad predictam ecclesiam ad presentis presenti re tume per hoc quod pre¬
80 1415 1138 1474 via Bas et Iohannia ceum sumipte impedenitu omvit quod aeceroratum est et dar mi het ad valencia tuctemnti lbrate
80 1438 350 1485 et inter pronat gecam tc
83 1467 1140 1531 Et rrods poaricam per saltem te Hubeatum attoram unum commni et dicicam pro prisa habent sacium qua feominus vontris te¬
83 1505 1134 1575 Nanceton' huit in adnocacione ecclesie predicte a no posseunt teitere quin ad predictum libebatem at predictum ecclesiam
85 1534 1138 1608 ac presens pertinet presentare iumimo bene concedunt quod item ibbas heaitis presentas toem quodam ad ecclesiam predeictm
92 1562 1137 1630 ista corte salva sibi presentacionem sua ad eatdam in proxima vacacione reuenie sos cuiu est quod predictis Aabbas rempere
95 1598 1141 1664 versus eos presentacionem suam ad predictam ecclesiam et dampna sua ad raborem eiusdem ecclesie tuor qunie e ad petu
92 1638 1131 1687 Radulphus et Ichannia cognosuvit quod tempor labbrtus et hemiat beretre epos si inter quod non obstana rectamracone parses radis et
96 1671 1130 1728 Iohanne ac presenta tenentum predicti ibbatis ad ecclesiam fraciam sonem personam acmita Et Radles e Pohanne et m
85 1692 1121 1753 et quoe nesitur quantam predicta ecclesia valeat per annum et eciam dubtatur de Frande cintera ntricu  etum
104 1728 1127 1785 quod tee facidio ha die mercauri proxia post festum sancti Martini 2 tc pro quod ite et qui predictum Abbatem mulli et
103 1757 1122 1814 ad recgni in firma predicta a Et quod sacre facii apitalibus tiis feodi mediatis et iumeriacis ro cuti sint et s
107 1789 1135 1859 a Et interin cesset executio le quem die ren predictus libbras per prem acra suiu eti viter mindatri o¬
107 1821 1127 1890 sore fecit capiter tiis feodi mediatis et iunmedit esendi luc t si teca Et suris temi qui tamvi super parm
102 1844 1126 1921 quram quod quietam Robertus abbas de Fipwell' pretecessit istius libris et quita ricarlis te brus tempore regai Rura
106 1883 1122 1962 consanguo domini regis nuer tenuerunt conuertim arnocacionem fite ecclesie et ar ante et bunum presen i t quentam
102 1919 1137 1996 Rogeni de Pateshull' cleriam suum quias eorum presenta tenmentium sui armissus et sustituries eode tepore Et quod rosug
107 1940 1130 2016 rempore regis super quiecam disstencione inter ventam fcrum acuera consangrveri et heretam predicti Ricardi et
106 1976 1133 2049 quoinam Rogerum abbate de Prcell' precessore istus itritus mota te aduoracione preicam ita convenit inte et
107 2012 1121 2093 eoscem scilicet quod icem Petris et heredes sua sem Rogeris libras et successos siui alteris vicbus ad ecclesia
110 2034 1119 2108 predictam clericos nos in perpetuum presentarent et turam qo ab illo tempore seuper hactenius quilibuet allas in
117 2077 1092 2138 pralibet altera miacnm ad ecclesiam predictam clicum suum presetavit vi ture conencionis predicte sicut sui
126 2111 1073 2169 mauracione practa lebatis continetur una tunc quoe predictus abbas muci habete sus presentanti ad eccleiam
167 2141 1087 2207 Et 1e est aliqua frans inter paim lici a pros rainiet fli nolis pelona et sui mesto
285 2172 943 2233 cum viatem quo predicta ecclesia pilier per annum viginti lagtr predictus
1003 2203 1077 2237 hae
285 2213 911 2283 et Iudici 1t c s recuperiti versus predictos Radulphus et Iohanam quadragina a
459 2241 635 2289 upit ita te
