1091 670
20 3 1074 58 Abiao um oc afilio duotii Malerbe de Norhampton Thomas filio Simonis filii Iohannis atte Grene¬
16 33 1073 112 Abersone hictis facti Iohan ate Hre de Gustun et Galfridus de Hothon te buston imisie Edses Nicholam
20 94 1065 155 rerxuni de piore et liciam uxon eius de libero tenemento uo in flore post frstum at Et vonde quer intur quod diorus eos
17 115 471 170 de uno mesuagio et sex acris terre cum pertinentiis tc
19 147 1061 220 Et Emma xera et ali nuos tem et quidam Iohannis te Suston xenvria apro omnibus percenitus pre preicta Emma restpindet
25 200 1070 262 tanqui uor turis adut quod ipsi nichil habent in predictis tenementis ad presens nec aliqua inde fecerunt nuriam sen dissei
23 212 390 271 nam et de hoc pint se super assisam etc
23 246 1073 320 et eninagium tenenus ata restinus adiat quod preciti Nicholaus et lilioa iniuste telerunt assisnam isam versus eam
21 291 1087 361 quro dict quod predicta ten quondam fuerit in sersuina quortam onorium Malerbe et Iohannne uxrienis marte Emine
16 327 1058 392 cui hmere paert vt de iure ipsius Iohanne qui quidem sumoris et Iohannna tenementa illa imiserunt quibuscam
16 342 1067 427 Roberto Marie allebrie uxor eius tenentis ad terminum prte ersdem ibbati et lilese post quor mocam penra me tem
15 388 1049 459 orm oucurie Iortanne edem Emina ut fili et heres predicte Iohannne intrunt inteon predictus pratr in renesione
16 418 1051 495 qua sicat ei bene rient et absque aliqua dissesima eisdem Nicholao et lterie uxori eius faciende et de ho prpenis
19 446 804 522 de super aram et predicti Nicholaus et lia uxor eius similiter Io capitalis assisa e
846 477 1079 535 Iurate diata super Sacranm
16 479 1071 580 huius quo perta eniniqet noninas silida De mprtum pria iris slite mesimino trio de Luis ililio percipto
12 516 1067 608 habeint vrni iupertate et achuic hec silice predictum Thomam fili Sumonis fili Iohannis atte Grene de Suston' int mine
15 568 1049 646 et pro hoc campotum est pro Maram iscam sant predicta Emma et alii ine sine die et predicti Nicholaus et alioia mi
15 581 573 668 cipiant pro tratre omni set sint in umna pro fasso clamium et c
