1139 978
0 4 1091 86 Nivcu qalum de Wnewyk suum fuiert ad respondendo Galfrido de Scrumbra et Margarete uxori eius te flato¬
0 39 1108 126 quo reddit et Pegisti filii heredemn teria mallcaro tiuius cistodid ad ips Gafrum et mararcam pertint eo qud prectum
0 77 1108 145 tiicus terram cuam de es tenuit per servicium militare etc Et onde ratu Galfridus et Margarea pro solutem de keram
0 103 1103 179 ficato toti pitam marcartio dicuit qud cum predictus preciceus temissie ut eis cidlium de Nihebarewe cum pertinentiis
0 135 1096 199 per homagium fidelitatem et servicium militare scilicet ad scutagium domini Regis quadraginta solidorum cum occiderit triginta
434 166 1091 234 quibus servicis idem Galfridus et Marcarta ceisit fuerunt per mans¬
300 198 367 229 nox in
0 198 236 232 soluitos et ad plas pluc
300 219 365 244 et Hom
0 193 1116 271 predicti Ricardi patris predicti Petri et ea ron add predic pertinet tustocia predicti heredis predictus Simeron eiui eis minsse defort
0 229 1045 296 tont vicunt aod deteriorati sunt scampuum haben ad vasentiam viginti librarum Et inde prodicint sectam et c
0 248 1101 322 Et Simon per Wilbum de Holcote attorate sanctem venit a defendit unu et inuriam quando ecm Et dicit quod ad psum et ton¬
0 289 1085 349 at predictos Galfridum margarcam pertinet tustodia predicti heredis qua dicit quod predictus Ricardus pat predicti hered is
0 318 1106 382 tenuit de po Simone decem mesuagia et quinque virgetas terre cum pertinentiis in Wynewrk per homagili fideliteatem et
921 361 1041 405 habe opiyiye
1 350 1041 416 servicium miltiare scilicet ad scutagium domini regis quatraginta solidorum cum acciderit quatuorum solidos it sex deno
0 372 1116 439 et ad plu pluo de ininus minis de quibus servicis predictus Simon fuit seisita per manus predicti Ricardi etc et dicit quod
3 409 1115 459 iem Ricardus et ditecessores sui tenuerunt predicta tenementa in Uyinwykte p simone et antecessoribus suis de antiutori
494 435 1119 498 res cecessaores sui tenuerunt predictum maulium de Lathebarewy
4 458 1057 529 feossamento per sricium militare quam predictus Ricardus Galfrics patus est vnficare cra vnter petrt sudm et c
3 488 555 525 te predictis Galfrido et marcareta vet antecessoribus ipsius Et hc
0 488 1101 561 Et Galridus e Margareca dicunt quod predictus Ricardus pater predicti heredeus et antecessores suim prius tenuerunt predictum
1 525 1103 582 Manerim d Lchearewe cum pertinentiis per servicium militare de ipsis Galfrido et Margarta ut de sure ipsius Wltro ie
0 559 1102 617 ete quadam Ichanna que fuit suxre Ricardi de Stonewaple cuinstatum in predictis serviciis ipsi helite ex permisito et
6 585 1094 642 eciam de quodam Hugone de Mortyner cu fratum earem Iohanna quondam habuit in eisdem serviciis et de antecessoribus
3 625 1117 674 eiusdem Hugonis quam de antecessoribus predicti Simonis sicut idem Simon dicit et hoc petit quod inquiralis per patram Et Simon¬
0 658 1110 698 Simli so preceptum est viceris er predictum marrium de Lichebarewe est infra hundrido de Falleslegh et predicta tenementa in vyne
10 695 1103 732 Wyk sunt mih hundrius de Culdeburgh quod venire faciis hic die iovis proxia Antefestum sancti Rahoelitis de Otroqu
13 725 724 776 hunicr 12 etc per quos etc Et qui nec etc ad recognu etc sua tam et c
826 721 1108 781 Aed quem dem venerint predictum
7 760 1103 795 Simon et eciam predicti Galfridus et Margareta per Iohanne de Wraunfeld' atornm ipsius Margarete et isdem Galfridus
13 791 1108 833 et Margareta bene cogue quod predictus Ricardus praci predicti heredis et eius antecessores tenueruint predicta tenementa in Wynewyk
10 824 1089 861 de padcro Simone et antecessoribus suis de antiquioti feoffamento quam predictum manerium de Lichebarewe de ipsis
7 844 1103 890 Galfrido et Margarcta ut eorum antecessoribus ul de antecessoribus eorum quorum statum isdem Galfridus et Margareta modi
8 880 1091 943 habent Et so contus est quod predictus Simon eat inde sine die et predicti Galfridus et Margareca nichil capiditis per hre¬
10 917 977 977 omnium gosuint in mnca pro faso ialadem et c
