1138 1440
16 0 1109 52 Wtell in lu Wi Rolleo de Hastinge poterit versus Iohannem filia Roberti de Hastyng terciam partem quiaturaginta
25 34 1113 106 et exo plagam r ditemo et raditis vicat talliar um pertineniis onsitoms Rogeais colentronb Gocesord
49 87 466 135 Slton Teltio et sauo ut dremet et
35 80 1100 178 NIohannos licei et dictis predicta Matilis me debit inde Torem habero qdict quod puapost notem pricti eleri
45 121 1104 200 quotam vas et de muris dcacduo et recept quinquaginta solbatao redaitus cum pertineniis idilius dto
45 172 1095 236 Flario ex aonsignacoe abbatis sancti sacobri extra sioclit et cuiusdam Hawysie de Reynes costedum quarumndam
44 187 1108 266 parcum terro predicti Iohannis in Alocacione tociis datis eam contingentaris et c post montem predicti Roberti quosdm vii
50 229 924 297 li comit 1 unde ge tenuit contentam Et hoc patius est verificario et petut iudoeum et c
53 267 1102 330 et cgatill dict prod cmi predictus Iohannes intcutui iratam preclidere de tote sua munc petita assarendo pratum receposse p¬
50 298 1085 360 diro quinquaginta solidatos reddlitus in florie pro tota dote ipasienm contangento de libero tenemento quod fuit pre dicti
50 319 1090 392 cobertus propuam visro sui idem Iohannes hot dotem non potest tocit reuera quod praca post motem predicti Robati vii
57 347 1100 420 sin tulit hibere de toto ind curia domni G regis patris domini Rogers unc toram Iusticiariis suis de Gant termino scnt Hila
63 382 1105 450 anno regni sui decimo septimo versus predictus Iohannem et pecirt visus em modietatem sex marcatarum ratitus
61 413 1104 486 cum pertinentiis in vicia illa deffiore quo tenentur in sotagim Petrit eciam versis Thebalbun de Syton castorda
281 444 1093 510 in decen solidatarum titus cum pertinentis in eadem villa de Flore quas qudtem mediecatem et
79 463 263 511 ps hohannis terram pr
54 476 1102 537 gerciam partem prati sicpertiet assioa Molla percium infton suua Dectis Et quos ipstra modo tenet virtinte
59 507 1094 548 eiusdem sudicii tenqulum dotem pram contingentem de eisdem tenemni in fratis et hoc pretenerit uificare precottm
69 535 1086 593 potulorum xyxden usticiaras de Ganco de tempore predicto unde petit iuditum s ipsa de toteguaunc petita pro hoc
1029 559 1086 580 T
331 561 1109 612 Tts haes bene cognouit predictum saudem redditum fusse vsu serpnum et predictum ert Galerai
65 578 222 631 peltidi debeat
69 591 1098 668 qaton silo et dicit quod ibbetum illid mniqusam gat perentum u Strptetate Malis selicta enucione aiqam
65 627 1104 702 aliuis prstea u in paria Et per conentim fatm inter patam et predictos Iohannem et chiabaltum custodem sururete
67 658 1093 713 uti predictas quinquaginta solido atas redditus in flioes pro tota dote sua ipsante contingente deresdeo ibeti tenemen¬
71 699 1106 763 quod huicit predicti tarta quroadam uca cui Et hoc pretendat uerficarie pro pariam unde protatudum si a uisitacienem
79 738 398 786 quam pretendit Euti non debeat
78 740 1101 808 et Matilli dice quod precius Iohannes ad aliquam uerificacione paris non est admitendis in hoc casu marpicis
78 788 1104 850 sc ipere cgnorat prati nrsomem sisse vensis eum et predictam Therbabtum tustodem suum redditum et iptram Matilli
83 822 1104 862 tesre saritam de predicta date sua pastm contingente de predictis tenemetis in Flioris nec idem Iohannes aliquod factum
78 854 1105 902 speciale potenrat de convencin predicta tra curia faca et gquo iadm Iohannes non dedicit qumi v
84 887 1093 947 siis eit seistio ut de feodo pstram ipam desponsamriut de tenementos unde ipsa nunc pecit dotem precise
83 922 1094 959 retit udicum et gersinam obl adludicaris Et ero predictus Iohannes filius Ooberti si peris cogum predictum inticum
84 951 1098 1015 et proceo redditu qua raginta solicdorum nversis serpum redditum ut tenentem in socagio Et versis predictum
86 977 1102 1031 t arkalui pro pratigo qux solbdat et quatuor denaricos redditus ut crasodam tenentiu militaris ut ass¬
82 1011 1086 1074 mnat umr predictis Abbae et heunibus siu lanem statum de predicto redditu per quodes ut custodibus uel alio modo aliquam
83 1042 1094 1104 assinatiam totis prefat Matilli facere pertinssat ne aliquid de convencione precicta curiarebrat Pro
83 1074 1101 1123 nissis consuctratis et qpere videtiri curie quod predta verificatis non est admitenda net idem Iohannie filius Obbarti
83 1113 1106 1169 aliquid aliud dicit etr consideratum est quod predicta Matillis recuperet inte seisinam suam de doto sua predicta
83 1146 1121 1204 in predictis ullis versus prefatum Iohabem Et idem Iohannes in ma Et predicta Matlis petit campna sibiti addam
79 1184 1104 1244 dicario co fretpredictus toltius quondam vi et c abit seisitus de tenemno predicitis et ca Et pro nomatest liqueri Curiae
75 1215 1117 1258 s predictus Robertus obut sairtus de tenementi predictis nec ne preceptum ostvicei quod venre facerat hic de Rune proia¬
84 1252 1116 1294 post festum sancti Lucrite Apsoli 12 e c per quos etc Et quinet etca recogniua et postea ad diemillum
83 1281 1119 1333 ueci parta Matillis Et gnuilli iure qui dicunt super saquantum suum quod predictus Robertus qnonertam vire et obut
84 1318 1109 1371 geisitus et predictis quiadam agnte solditos redditus a reditu duoru gallivar cum pertinentiis in predictis villis
83 1354 1109 1416 Et quod predicta Matillis habuit dampra occassione deenticione dotis sue predicte a valentem trestecim
127 1394 1138 1439 rtarum sanct precita Mata
