1087 447
794 0 945 75 x Asetone' sum
703 11 784 67 Iohanne
18 19 163 82 Iohania que fu¬
185 16 692 83 prxime Roberti fili Henrico le Glerk de Stanewyrgg petit versu¬
417 64 748 113 quinque acras prati cum pertinentiis in Stane
21 67 134 108 mesuagium u
302 64 393 109 tras terre
193 70 250 114 et pruai
17 95 657 145 et Maritagium suum et in que ide Iohannes non habet ingreum nisi per sohanneum
21 126 105 163 quoncam pr
146 122 737 162 muis Iohanne illa uniuesit cum ipsa in vta sua contericte non pr¬
907 140 993 196 ctest micho
20 155 109 200 Et Iohanne
119 153 829 193 veto et defendent sus suum quando ec Et dicit quod predicta Iehdoma nichil suris cad¬
915 182 1026 225 viru etc et
815 184 864 220 et qua
21 196 682 241 tenementis per formam predictam quam dicit quod predicta tenementa fuerunt comuitum pari
938 209 1038 256 me et heredis
24 210 879 253 eiusdem Iohanne de dono curdicti Iohannis Wyh qui pateo inde feoffant tenend eisdem Roberto et
930 242 1049 294 psuper puerto
755 251 885 290 Et de hoc
27 252 750 295 ipsius Roberti et non cium martagium eiusdem Ichanne sicut per brem suum gsuppount
973 283 1041 322 Nonc
24 283 626 326 et Iohanna smiliter I preceptrus est vitce quod venere facatam hic De salt
19 306 312 346 etco Et qui nec utc sina team et
437 321 496 354 quem
24 335 223 381 Sarrm unum quo predictus
915 339 972 382 s et
21 365 102 404 puus et
26 390 112 440 Iohanna
