1122 807
20 0 1067 58 suico de Osevill pro Thomas de Cochewyk attem suam petit versus Robertum le Ken et rehannam uxenm eius oniuni
21 37 1072 93 meruiagium acmam nirgata terre et dimidiam nrara partem unierbgate terre cu pertinentiis in magna Nenton ut rus eter Prbrie
16 64 1056 135 de recto clausu e Et vnde idem Hugo per predictum attram suum dicit quod idam Walterus de Osevill' pater et
9 115 1059 166 de predictis tenementis cum pertinentiis suis fuit seisicaeis in dominico suo ut de feodo et iure tempore pacis tempore Regis eam¬
11 135 1057 196 ding nunc capiendo inde explet ad valencat Et det ips Waltero testenet ius iet meam pohii vt filii et
9 170 1072 250 heredis et de pst Iohanne pt obit sine heredes de ge descendit iuis ter st Hugonis qunc petit ut sci et hedibus
15 196 358 241 Et quod tale sit ius ter offert etc
20 231 1069 299 Et Robertus et Iohanna ren et defeudu us suum quando acum etseisinam predicti Walteri fratris te de cuis seisina et ut de¬
24 268 1072 329 feodo t et iurert et totum t Et pnint set in magna assisam domini regis et petunt recotum si vtrum ipsimanis
24 303 1086 348 que habeant tenen predicta tenementa cum pertinentiis ut sus suum sicut illa tenent anpredius Hugo habends ea vtlus suum sicut illa pee¬
26 334 998 394 at silo dicti fuit es de andietredi blettione magne allendte itc die suis proxpia post festum sancte Kaline t auntc tomna prior quitas
901 342 998 368 Reati parpeto et
1016 346 1092 374 etscelite Eit
1014 354 1092 396 que
28 368 1072 425 prtuor miltes scilt Henricuo de Cychemer fh Humfriyee' de Bassyngburn Thome Curpin Thomas de
28 386 1053 447 Poketon iurta qui seipors elegerint et ecia Thomam de Werton Robertum de Hotoc de Clepton Willelmui de
26 419 1056 485 Raundes Iohannem Grysfyn Robertum Chaumpayne Iohannem mallore Gilbertum de Tolthorpe Galfridum Rydel
24 453 1084 530 Eaide de Engeho Radulphm de Normanvill' Iohannei de Grakenberwe et Ricardum Chaumberleyn ro preceptum
25 478 977 541 est vici quod venire facerdte predictos sexeeioi milites hic die iovis in octabis snti Andree apostoli
32 515 1092 579 ad quem diem venm partes predicte Et similiter predicti Henricio de Cychemersh Humfridis de Bassyngbourn Thoma
25 563 1073 615 cui soum Thomas de Broketon Thomas de Berdon Roberto de Hocot Willelmuo de Raundes Iohannes Wrrfryn
32 587 1067 653 Iohannes mallore Gilbertus de Cholthorp Galfridus Ridel et Egidus de Cngenho milites iurati qui¬
28 623 1075 681 diavnt super sacramentum suctum quod predicti Robertus le kenet Iohanna habent maris ius tenend predicam tenementa cum pertinenti
33 656 1079 700 vt ius uuum sict illa tenent quam predictus Hugo habendi etem tenemento cum pertinentiis ut ius suum sicut illa Perti so¬
33 696 1072 731 contiru est quod idem Robertus et Iohanna teneant predicta mesuagium unam virgatam terre et dimii tartam pertetum
32 718 1076 782 vgate terre cum pertinentiis in predicta villa de magna sienton eis et heredibus suis Iete d predicto Hugone et heredibus
29 750 806 806 suis imperpetuum Et Hugo in mia pro filio chmai etc
