1099 701
0 0 1053 87 assisareim retotum i comis Prior sanct Lndree Nort Gilbertus et Stewell' et Matillis que fuit uxor Roberti de veer¬
0 46 1066 114 miuste etcim dissers Laurenali de Freston e libero tenemento suo in haclyng tomnenti iuxta hortonm post festm etam Et unde quem
0 74 679 139 aud dissentis el de redditu urum pli precii quod agnta denaris cum pertintiis etc
0 91 1064 181 Et predicti Gilbertus et Matilis non veeo set quidam Simon Thebanda rementi treston pro eis anquasm eorum vallit Et
0 131 1077 216 dicit quod pat nichil habent in predicto redditu in aliqui inde fecerunt iuiriam seu cisseia Et de hoc pratuum st super assisnant
0 170 1065 255 et prior per predictum simionem attra suluem ven at tenens unam virgita terre cum pertinentiis in Hakelintone pastam in
0 201 1069 295 visu vnde predictus Lauremdum dicit predictum redditum deberi et dicit quod assia non debet mee fieri pr dicti quod iueam
7 247 1052 310 Gilbertus de Freston' aute predicti Laureni cud heres ipse concessit acarta sua confirmavi deo reicaelie sancti
11 279 1072 345 Andree Nochant et monachis ibidem Deo servientibus in liberam puram et perptiam elemosinam predictam viratam terre con¬
7 319 1064 397 pertinentiis et eciam omnia tenementa que dicti monachi huerint ex conacione antecessor suorum lbera et quieta as omni
12 357 1080 417 servicio exaccione seculari et profert quinda carta vib nomine dicti Gilberti quod hoc idem testatur et toto nidm
17 386 989 455 si predictus Laurencius contra factum predicti Gilberti aui cetet alique redditum de predicta terra exicere possit te
13 418 1062 487 et rdem Laurencii questibus per iusticiarias an clamici predictum redditum canquam servicium rel redditum omratum dict q¬
20 452 1069 510 tanquam redditum servicium se quo tam Gilbertus anns et Laurenium pater eiusdem Laurenii et rem Laurentiis
21 487 1070 557 qui eciam Galterus preter dicti Gilberti et Michaelis peter eiusdem Galteri et eorum antecessore a tempore quo non exot
20 535 1056 582 meius semper seisiti fuerint de redditu predcicto Et similiter idem Larrencium seisca fuct e eodem redditu ut de
24 575 1037 613 libero tenemento suo quousque predictus frior et aliis psium inde minste disseis prout pater est vificare per assisam et peti¬
23 600 1064 660 inidem s ad cartam predictam necesse habeat respondere tc postea predictus Laurenus no est prosi so predictifrior
21 636 1046 673 ali inde sine die et predictis Laurencis et plegis su degos in ma scilictet Gilelus Glof et Simon le Reue et
