1092 1134
23 8 1056 71 soc Basset de Welton' Ricardus persona ecclesie de Cranesley et Galfridus de Stanerne de Sutton arach
38 43 1073 95 fuerunt ad espynwaidem domn Rogeri de plto quare cun dominus Gmori Rex Lngli pater domini N nc prerisset
31 88 1069 114 tunc corte suo comi predicti qod quia bona et at alla que fuerunt Walteri de Langeton iuper conentus atluc
38 108 566 147 Epistei die quo ibit qui in diesis debitis prefato patri Ratis
611 117 1067 171 de tempore quo fuit Thesaurias domini Equondam
38 143 1054 201 regis Angliis an domini regis nusrc et aliis de ausis tenebatur capet nrmanum suam et idem vicara vircate ma
29 170 1069 230 dati prdia bona et catalla que fuerunt ipsius episcopi die obitus sui in manerio suo de Lasshele ad valenciam treste¬
31 200 1067 258 carum ubraqu invenia cepisset in manum ipsius patris domini u nsrcs predicti Radulphus Ricardus et Galfridus simus in
35 234 1044 291 Willelmo Raynere Bouchard' Henrico filio Radulphi de Sutton Roberto filio Henrico de Sutton Iohanne Hoggose de
36 263 1056 327 Weston Thom rungere de Weston' Roberto Bope de Weldon' Ricardo Elome de Rlyngham et Thome
35 296 1039 354 Petit de Sutton bona et atalta predicta in manum pus patris ac sit capta et ibidem inventa vi et as
40 335 1054 385 cepunt e appenerint in puri reci patris etc et domini Rocis nunc premenm et solucionis debitor preti t as
38 354 772 419 nem et Tue chomas de Tochewyk' qui vequitr pro domino Rege dicit
842 371 1047 420 ad aumi Iohannes de
44 387 1051 449 eston iuper ut piter tecti fris Et Comni preci per precipti ipsius reti pris at die Marie proxi pos festum iam
45 423 1052 487 Smonis et iude anno regni ipsius Regis patris quitodecimo bona et catalla que fuerunt predicti Eepisopi die qulobit
43 458 1042 505 pu in doversis rebitis prapto re patri tenebatur acr scilitet frumentm ordentm avena pis fabas feni fora gumai in
45 487 1052 550 manerio predicti episci de Aishyelte ad valentiam trestentarum librarum inventa in manu predicti regis fratris sepissit predicti
56 510 1050 572 raditbus Ricardis prisona eccare de Cranessey et Galfridus simul ater bona catalla predicta in manum pius regis fratris tc
53 536 1050 602 oc capta capus manerium predictum inventa die lunme proxima post festum sancti martini proxio sequenti vi et armis
53 568 1056 622 stilits gadize Mribtus et repitis et equis totris conirmavcto te die intumre per qudem dies priro crquentus vixuiet
49 596 1070 649 et appotaverunt in ipuis Regis patris tcis eidem ex nunc preimidiem a solucionem debtor predictor recardacionem una diucit
53 629 1061 689 quo vuis rex cecipiravi est et dapinum haeri ad vabentur mille liberi ut uoc prato est repdiere pro rege etd
53 650 1056 706 Et predicti racus Ricaras persona eclie te Cravesley et Galfridus reu et defend unu et iurio et quicquid est in preuidim
67 676 1057 738 esd paris at et preuadm tui regis noutrc quando et cea Et bene tefendum quod ipsi nulla bona seu atalla in manum oni
54 712 1032 756 regis pratris tc capta prot prercus Thome qui gequitur pro recte eis impetuum cerunt nec asptanerit in primoim et c
53 736 1047 795 Et de hoc patum se super frtram Et Iem Thom qui se quitau pro rege similiter so preceptum est vicei qo venure sacro¬
65 766 1061 823 hac de martis proxia post festum sancti Hillariis 12 a c per quos ec et qui nec ac ad recogn ituc pervniatm et
54 784 1070 858 le quenttciem uenr predictus Thomas quam sequinta pro Rege 'c et simibis predicti Racarldus Ricardus et Galfridus ec et
51 816 1067 886 simlie Iur det consensu pocum elicitus quiditunt sper sacrmentum suum quod idem lt adeus Ricardus et Galfid
57 854 1078 926 non sunt michi aliquo culpabile eatc transgressunt pretictam lsoe conue est quod idem Raduliaho Ricardus et Galfridus
57 884 1083 961 ent intere sine dio c Et super hoc uen fratum villaus Henrici Robertus Iohannes Hoggesi Thomas Roberto
57 908 902 972 Ricardus Elone et Thomas per magnam toistriccione etc sseo ipsi in mounram pr plibus tofalter etc
61 943 1065 1026 Et predictus Thomas te Cochewyk qui vocquitur pro regt narat versis eos per regie in forma suprata tet
60 963 309 1016 transgressione pricta etc
60 993 1054 1060 et atem Willelmus le Rayner et alii per Iohannem de Helpeston attornatum sum dicunt quod ipsi ro sunt
54 1028 1043 1117 interespabilis Et de hoc peruit et super pertram et pfiatiris Thomas qui cequitum peo Rogers fim
61 1057 435 1120 sico prcipte et uter quod venrits pa t
