1086 606
18 0 1042 59 Alicia que fuit uxor Iohannis de Girtote parte versus srolastiam que fuit vxer Godefridi terre medes duas solidatas et octo
20 39 1059 94 tenaratis reditus et duas partes unius mesuagii cum pertinentiis in Cartona Et versus Ribertum Lovel Crualer et Margeriam
23 68 1046 121 vestrem eius rexdem terarat redditus et terram partine unius mesuagii cum pertinentiis in eadem villa quas clam tenere
25 100 1048 155 sibi et heredits e carpore suo acrpre predicti Iohannis quondam viri sui exeuntibus ex dimissione Sibille de Sayton et
27 134 1033 173 in quas item solasticoe villelmus et Margeria non bent ingressum insipost dimissionem quam predictus Iohannes quondam vi ipsius
25 164 1044 211 alione in terra in xa sua contraditere nosn prtuit inte fecit filippo de Sayton et vna eadem lilca dicat quod predictus
27 196 1046 240 omines quonsam vi suius et patra seistem fuerint de predictis tenementis t de feoto et de uroas ataram per formam tonacionis ete tempore pacie
23 231 1042 274 tempore domini E regis ani domini regis nunc capieus inte erpleta ad valncatur Et in quas et Et inte produet
23 254 128 297 tecati et
417 258 660 296 quo ad te versus em peccta
20 278 1038 332 Et Scolastiad et alireniai et predicta tolastiqa tefendous quis surum quando eto Et dicit quod predicta Alicia intuil iurteas clamauim
21 314 1038 361 potest in tent alis quadict quod cum predicta licia per bertrem suum superpenuum predictam sibillam dimisisse predicta tenementa versus
21 348 1046 394 eam percata predicto Iohanni quondam vir ater a predicte iie et heredibus et cerporibus suis exeuntibus eatem alica nunquam aliquod
20 364 207 399 funit in eustem tenemento
421 374 1050 428 nisi t uxor ipsius Iohannis a de hoc patum se super patriam et predicta
18 395 1051 447 lica silcus sonc preceptum est vitur quod venrirus facii huc die mercurii proxi a post festum sancti Hilbari 12 etc per quos a Et qui
16 428 1040 481 nec at a recogn atcm suua tam etcr postor ad diem illum uocti partes et simili iurtis qui dicunt super
18 451 1052 505 Saretum suum quod predcicta sibilla te Caytone dimisit predicta tenementa cum pertinetiis pracicto Iohanni de Surcote quontam
7 482 1052 550 uro ipsius Alicies et ipsi Alicie tenenta sibi et heredibus deo cerporibus suis et xeunitibus ficut predicta Alitii
16 527 1061 570 per brate sum superpoinit Ie contum est quod predicta Alitia recuperet inter seisinam suam versus predictam
9 549 605 605 Scolapitam et predicta Scolastica in ma etc
