1115 1286
12 12 1076 90 prpetclri Heobre de Hurenhde er Willem Sie ad m quo isis alts d sicoum
15 63 1061 120 dt prelacto quare cum de comm consilio regni Regis proisum sit quod non liteat alicui Moasserum reiduttonem sen des
11 96 1073 160 trucconim pate de terris dinibus bestis ve garoinis sibi dimisis ad terminum vite vel annorum idem Robertus
5 140 1077 191 de tomibus et gardinis in Eissheton que Robertus quondam prior ecclesie bate Marie de Huntynt done predict
12 171 1073 239 cessur predicti prieis ei dimisit ad otam ipsius Roberti de Kissheton' fecit vastum vendiccone et deftruc
11 216 1080 282 cionem ad ex heredacionem ecclesie ipsius Broris beate Marie de Huntyngdon et contra formam promisionis predicte
35 254 444 286 dcontto inte perapi secundum frungni statutti
20 262 1080 319 et Et ipso non rex sapteptu quit vinter quod distringet cum per omnes terras ea et quod de exitibus tc Et quod
15 311 1082 353 habet tcepus eius hic adhunt diem scilicet die sobti proxima post Galidus purio beate Marie etc Et vonter mod¬
19 355 1077 420 mandis quod item Robertus nichil habet in balliam sua per quod potest distriua sstoper statutum precptum est inter
21 390 1070 458 quod in praria persenta sua acetat ad predicta tenemea astata et ibitem coram eo venre fiaices mi t et per eorum
25 432 1080 498 Sacrinm diligenter inquirat quod pastum quam vendicionem et destruccionem predictus Robertus ferit in te predetum
29 481 1077 533 videlicet prosternendo unam aulam precii quadraginta solictorum unam grangiam precii triginta et duorum solidorum
32 525 1076 583 unum columbare precii quatuor solidorum et quatuor poneria in gardino precii cumislibet duo decim denariorum
25 556 1076 628 Etinquisicionem inde distincto et apte sactam constare fiacorum suticaris huc die Lune in prima septimana quadra¬
33 616 1062 675 gosimo sub sigillo et sigillis etca Et interim etc la quonm diem viceci non misit preceptum In sicut prius
32 656 1089 706 preceptum est vinter quod n propria persona sua accedat ad predicta tenementa bastata et ibidem coram eo venire facro
32 688 1086 748 xii etc Et pereps Sacurinum diligenter inquirat quod vastum quam vendicionem et destruccionem predictus Robertus
36 736 1081 791 fecit in predictis tenementis etis Et inquisicionem etc stire facerito hico de Lune in crastino qudene Basche Sil¬
32 772 1094 831 sulbs sicullo et sigillis et c Et interiam etc ld quem diem rement predictus prior per predictum actaum suum Et viter modo
29 819 1073 870 mandio inquisiconem que dicit quod niceci in proria persona sua actcessit ad dimos et gardmarin tissatone
35 869 1070 935 que predictus Robertus quondam prior ecclesie beate Marie de Hunyngdone predecessor predicti prioris nunc
35 911 1073 965 dimisit predicto Roberto de Kissheton' ad vitam ipsius Roberti et ibidem coram eo venre fecit Willelmum
33 941 1076 1020 Hanberio Laurs valonis Iohannem Rod' Ricadum Burdun Iohannem Hauberge Iohannem malesonere
40 996 1084 1054 Stephanum Hongo Willelmum Russel Willelmum Mustel Radulphum Wricthte Henrico Vagant et Iohannem de Hy¬
36 1017 1093 1093 lyngtone Iure qui dicunt super sacramntum suum quod predictus Robertus de Risheton' fecit vastum et destruccionem
40 1077 1070 1145 in tenemento predictis videlicet prostervendo unam auilam precii quadraginta solidorus et quandam etrangiam
44 1097 1085 1181 precii triginta et duorum solidorum et unum columbare precii quatuor solidorum et quatuor poneria in gardino
49 1140 402 1201 precii cumissibet duodecim denariorum
489 1160 718 1216 sum quatuor libre
786 1160 1081 1229 Ie coner est quod predictus prior
55 1196 1073 1272 recuperet seisinam suam de predictis tenementis astatis versus predictum Robertum et dampna sua in triplum
71 1219 319 1275 idem Robertus in munl et
