1151 1935
7 0 1108 82 Robertus filius Iacobi de Haselbeh' petr versus lidam Astelynam virgata terre cum pertinentiis in Haselbeth ut ius et heredis
7 35 1128 110 tatem suam t inquam rem loram non habet ingressum nisi post dimissionem quam Iohannes le Clerk de Haselbech
14 81 1125 149 annis predicti Roberti curie heres ipse est mee fecit Willelmo de Haselbeth ad terminum qui prederit et que post terminum
21 113 1119 184 illum ad prefatum Robertum reverti debet t Et vnde idem Robertus dict quod predictus Iohannes annu atc se predicta
17 155 1129 230 terra suit seisitus indominico suo ut de feodo et iure tempore pacre tempore h Regis pam domini Regis nunc capien¬
17 205 1119 254 do inde eepecero ad valentem t Et d predicto Iohanne descendit Ius itr imdam racobo ut fili et heredi Et de
22 233 1125 319 ipse iacobo destendit us iter isti Roberto I nunc Ptit ut fili et heredi itr Et inque e Et inde protuca
26 293 138 339 pecam et
22 298 1140 382 Et acam renenim et defend iuis uum quada ate Et patit quod predictus Robertus ostendat Ccuriam siquod fitem habeat salle
24 344 506 414 de predicta dimissione facta ad terminum qui preterit tr
28 364 1123 450 et libedem Robertus nichil inde ostendit nec aliqui aliud diat nisi quod puate pate est illam dimissionem per pa¬
29 422 230 481 triam veficare tc
36 452 1122 510 et idam dicit quod idem Robertus ad aliquam veirsicacionem partrem in casu isto admicti non debet quadicit
36 500 1128 549 quod predictus Iohannes quem idem Robertus per bretem suum supporum dimissionem predictam feisse predicto Willelmo ad terminum
36 530 1111 584 quo part per cartam suam dedit predictam terram predicto Willelmo et heredibus suis in feodo tenendam imperpetuum Et
36 570 1108 617 profsert eandem cartam que donum illud in feodo factum tesatur Et preter Iudem sirem Robertus contra fate predicti
49 592 1107 645 Iohannis au cui cu heres ipse est accionem habere possit trc desicat idem Robertus de dimissione sacta ad
43 645 1098 680 diminum nichil ostendit t ita quod pendente ie inter eos placito ut dedie in diem usque diem Lune
49 676 1128 721 proxiam post festum purie beate Marie tement pes predicte Et rdem Robertus predictam veifuacionem partre ut prius pretenders
49 705 1116 764 dict iltius quod inte predictos Iohannem et Willelum super predicta dimissione convenit quod idem Iohannes soluere tenebatur
46 753 1112 792 predicto Willelmo viginti tocto marias tcertis terminis in quodam scripto inter eos indentato contentis vlvendas per
52 780 1118 832 quibus denariis rem Iohannes ipsum Willelmum se predicta terra et de quibusdam aliis tenementis in seisinam posint ali condicione
53 804 1101 857 tenendis quod et rem Iohannes aut heredes in soluent predicto Gillemi aut heredibus suis predictos denarios terminis
53 838 1107 892 preniotatis quod tota terra tenementa predicta prefato Iohanni et heredibus suis quiete reverterentur Et quod quedam cairca pro se
53 868 1115 927 ciritate termini predicti inde confera et ad manus prioris sancti Bartholomei London tradita custod iendi prefato
60 910 1111 970 Iohanni liberaretur et si in solucione ente preanie ad aliquem terminum defecerit dicta terra cum pertinentiis prefato Willelmo et
61 949 1094 1005 heredibus suis imperpetuum remaneret Et dict quod idem Iohannes predictos denarios terminis predictis talter
57 981 1104 1048 persoluebat iuxta convencionm predictam Et hoc prat est veisuare pro param ut prius Et profrt partem
63 1006 744 1066 predicti scripti indentati que convencionem illam testatur ter vend pecer indum etc
67 1045 1118 1101 et dam dicit quod predictus Robertus ad illam vesuacionem partrit ad presens attinere non debet qua diat quod numi
67 1082 1123 1136 quesitum suisset ab eodem sialiquod factum dimissionem predictam ad terminum factam testisuatius habuisset nichil inde
67 1115 123 1135 tuit
68 1105 1114 1172 postondat quis tum osacione pare quet penenit cntra cauara antecesorus qui caure nonsut mec acras
68 1146 1102 1196 mittenda Et ptic ex quo idem Robertus est heres sangmme predicti Iohannis quod ad cartam illam restondeat pt
70 1183 1111 1231 Et idem Robertus non dedit predictam cartam esse festum predincti Iohannis am e set dicit quod per cartam illam arificacione
72 1214 1112 1263 partre quam siperius pretendebat repellinon debit quiadiat quod per cartam illam predictus Willelmus nuncqua aliquam
77 1257 1107 1314 statum habuit in predicta terra nec seisina et inde per carram illam uncqua extcut liberata suino ad terminum qui
74 1272 1015 1330 Ppebit vrtute predicti sriptimdentati Et non infeodo iitte carte predcicte unde peti iudicu ac
81 1317 1115 1370 Et Idam sicit exquo predictus Robertus sutimus cognovit predictam cartam sde feodo esse luent pilicti solios anatum et
85 1351 1102 1402 ad eandem eacianda alegat seisinam predicte terre precto vilelo nuisse liberatam trite predictis parti indentati et
81 1380 1119 1451 eciam quod predicti denarios solicti fuerunt terminis predictis et nuillam acretanciam de solucione illa pretendit pertu Iudiam
336 1408 768 1450 que testitur solucurum predcttier fus factam ist
81 1417 645 1462 sead talem Allextacionem mne acquietania adunti debeat ter
81 1445 1107 1511 Et Robertus dicit quod eidem lde qui nec est heres nec exeactior predicti Willelmi summo omninino exnens non
85 1482 1111 1543 habet necesse aliquando acqraetanciam me ostendere cum ipse pater sict pro patriam visiare solucionem predictorum senariorum
88 1521 1105 1578 plenarie factam suisse predicto Willelmo apud Haselbeth per quod geisina predicta tunc fuit ad nillata per formam
670 1554 760 1582 pecassar
934 1557 1123 1597 recullt etxeteurfutum sant
84 1558 1111 1618 convencionis predicte inde videtur ei quod visuacio patrem in hoc asugesti admitcenda quam vifuacionem de lideam atimnite
84 1583 1112 1657 et idam dicts quod quainus ipse Et exonens predicto Willelmo tamen iust est tenens precte terre racione cuie eodem
84 1621 1118 1702 beneficio iuris in asu isto ganderedebet quali predictus Willelmus ganderet set ad hoc quod predictus Iohannes dium
84 1659 1112 1732 vixit se monstrare preterit fore quietum versus predictum Willelmum se predicto debito operet ipsum acquietancas osten¬
85 1685 1104 1767 dere unde peti Iudicum gt idem Robertus sine acquetania ad versicacionem patrem quam pretendit contra te¬
84 1724 1091 1801 norem predicti scripti indentati quod est mere obligatorium ad mnti debeat t bles ditum esteis et
79 1763 1091 1834 audienda Iudicio suo hit adie Nasche in uve dies salvis partibus huic inde racionibus sugil ad
89 1809 1109 1884 quem diem vtum predictus liram aqr se versus predictum Robertum dofracto clricto Et ipse non ee et fut petens
93 1836 1112 1918 recons et quod predictis Lcamcot inde suo dio Et predictis Robertus et pligie siu dexer in mua Euo
67 1870 301 1925 rantuar nomina pegi et c
