1188 948
21 21 93 80 d illo
14 0 1160 131 elbas E go Bandregeslio predendar ius prebenda de Manene in ecclesia ante Marie sici per Bernardum le
930 54 990 90 Eesce n
27 65 1153 144 Eveleys attornatum suum peti versus Thomam de Boketon Eliynaler sexagintasoldatos tquatuor
31 100 1159 195 denariatus redditus cum pertinentiis in Boketone et Multone Et versus Iulianam qu fuit vxor Iohannis de Woketon tergim
36 145 1162 219 et sex soliditas et octo denarsicum redditum cum pertinentiis in eisem villis itt tersu prebente me predicta
41 196 1167 266 et iquas idem Thomas et Iuliana non habent intressum nisi per Iohannem se Boleton cum Gilelmtuos de Foittull
43 245 1140 312 quondam abbas se sancto Sandregesilio pbergarius prece plene predecessor predicti prebensarii illas simisit
51 273 1158 343 sive assensu et roluntate beam ccapituli predicti Et und idem abbas per predictum attornatum cuium diat quod predictum
56 326 1138 374 Wilelmus de sutuilla quonoam Abbas ete predecessorum predicti prebendarie etr suet seisitus de predicis redditubus
56 350 1126 413 in dominico suo ut se feodo et fure prebende ne predicte tempore pacis tempore E Regis an domini Regis nunc
61 397 864 453 scipieis ine explet adrialentien te et in quaga teram Et inde produt ficam pe
65 424 1139 500 et Thomagis sciltma tenementum Et predicta Iulana quo ad redditum versus eam petitam dicit quod ratr tenet predictum
73 490 1132 540 redditum in doto ex dotacione predicti Iohannis de Boketon quondam viri tu de hereditate predicti Thome
67 518 1148 579 etin forma predicta notea psum Thomam ad warus poc presens est in curia et gratis ei wardia Et rem Thomas
71 571 1149 622 tam quo ad predictum redditum versus eum petitum quam ad predictum redditum quem eiem Iuliane Sara sefendit sue
71 598 1158 659 ipsius Abbatis quando itr Et dict quod predictus Willelmus se suttuilla predecessorter minquam seisite fuit de predictis
77 641 1160 695 redditibus ut de iure prebente mie predicte pro ut idem Willelius abbas per brem sui supeint qmino ut de iaris ecclesie
75 672 937 726 ipsus Abbatis se gancto saneregesilio et Et hoc patis est vificare eatce vnpetar sudaum a
77 702 1148 765 et abbas dict quod predictus Willelmus predecessor t reifitra suit e prectis redditus ut de iure prebende sue predicte
78 745 1169 810 Et hoc pater est vifiare per patram Et predictus Thomas silites s preceptum est viceres quod tenre ficeries hic de func
70 779 1066 836 paroxiam post festum sturite beate marie xirat per quos ator Et qui nec tec ad recogum it Qua tam etc
80 813 1152 871 fostea ad diem illum predictus Thomas venit et ex ve versus prefatum villum abbatem se plicio predicto Et ite
83 859 1163 903 no vevit et sut fetens so predictus Thomas inde medie et predictus Willelmus lbbas et plegii su seggelrin¬
80 887 557 943 mitam videlicet Iohannes Almav et Thomas face
