1107 667
16 3 1072 56 prier de Shilesond suum fuit ad respondenda Iohanni de Lexedene de plito quod reddat eo viginti libras quas ei debet
13 33 1064 96 et miunste detiniet etc Et unee idem Iohannes per Ricaerum de Weby attenatuo suum dicit quod cum quideam Iohannes de Chikesond
17 73 1075 133 prdecessor istus pricris die sovis proxima ante fersti Ephanie domini anno regni regis e patris domini Regis nunc decimi ocauo per scriptum
20 106 1067 151 unum obligasset se pro se et successoribus suis teneri predicto Iohanni de Reredene in viginti libris solvendis eidem apud
17 134 1058 189 couynton ad festum sancti Michaelis tunc proxim sequeicius eni Iohannes prior predecto ec dum uxit nec etiam iste prio
21 171 1058 205 nunc denarios predictos solilenum curarunt et predictus priter nun denarios illos ei reddere contrdiciti und dicti
24 198 1087 239 g dectiore est dampnum habet ad valentiam viginti marcarum Et inde Preoducit sectam etc Et profet quoddam scriptum predicti
25 219 1075 276 Iohannis priorio comnsigillo domus sue consignatum cuie datum est apud Chikesond anno sipradicto quod hoc testatur etc
24 251 1071 320 Et prier tenemento et defendo uu iuinria quando etc Et dicit quod non debet vero ad istuo brere respondere quia dicit quod cum¬
24 279 1074 348 predictis Iohannes petat versus emim predictum debitum per predictum scriptum apud Chikesond' confectum Chikescud non est in
17 318 1084 365 isto comtis minco inh comite Gedeford et poti Iudem si hic inde respondere dekelit ec vie gatus est eis de Andien
24 341 562 397 fudicio suo hit die sovis proxima post quindenam sanci Hillari etc
614 353 1074 409 le quaem diem tenementum parteo Etidem Pprior se hita su¬
21 381 1072 431 ception sua predicta respnet vlteriuosre ducit quod predictus Iohannes nichi exigere potest in predicto debito quia dicit quod icte Iohannes per
21 405 1087 458 scriptum suum concessit quod si idem prior et conventui sui de Shikesond' war eis et aquietaverint ei et defenderint terras
15 433 1058 488 et tenementi de la Sonthulke que idem Iohannes tenet ex dimissione ipsorum Pricros et conventis per scriptum eorndem quod
25 464 1063 524 extunt pretum scriptum eigatronum pro nullo heritar vi aregrt et estum Et quo idem prie et conventi et Successe go
24 492 1076 551 sui de predcictis vigint libris dmno essent quieti Et profet quoddam scriptum sub nomine predicti Iohannis quod hoc testat tui¬
21 522 1063 581 dal est apud Chikesond die Ephae Domini anno regni regis E filget s decimo ccavo Et dicit quod pratr semper
20 549 1082 618 patcu fuit warantizare aquiecare et defendere predictum Iohannaem per ftorvam scripti predicti Et pot sudem ecr frosteti
17 577 857 662 fecus Iohannes ntu est pro sosc predictus pricer indei sine die Et predictus Iohannes et plegiam cui deri
16 602 137 656 nomia plegi
866 606 1035 655 vvreri mana Envessa
