1096 1073
23 0 1059 54 silld' cok de Wrickeleswoth et libancea uxr eius Simoni le wasde et liberit ux eius Simon fili Iohannis Curteys
26 31 1067 86 et Matillis que fuit etre Roberti de Braelton suum fuerunt ad respindendum Willelmi Hron de Glapthou de placito quod
18 59 1047 118 pruncant prium presenare idoneam personam as ecclesiam de Sesburgh que vacat et ad onia seciat donacionem etc
18 91 1089 154 Et unde ide Willelmus Groum dicit quod quindam Ricardus Hroin fuit seisite de uno mesuagio cum pertinentiis ini vesfurgh co¬
889 124 1033 150 adcandem etcham
19 135 1074 189 quod avocacio ecclesie predicte pertinet cepre pacis tempore dominie Rani domini Regis nunc et edem tempore presevanit
22 163 1077 223 quendam Stephanum Grcoun clericum oumium quem ac presentaciom cuam fuit amissus et insttutus tepore pacis tempore
384 192 483 226 nohhe
11 197 1088 240 eiusdem Regis te Et de ips Ricardo qua obut destendos suo etc cuioam Rogero ut fratri et herede qui quindem Rogerus ecclesia
15 241 1089 289 predicta vacante per mortem predicti Stephani ad eandem ecclesiam presentavits quendam Willelmum Wilcoke clericum quum quam
11 275 1082 317 at presentacionem suam fuit amissis et institutus tepore pacis tepore domini s r patris domini Regis nunc qui quidem
8 306 1086 368 Rogerus de predicto mesuagio cum pertinentiis ad quod tc feoffant Willelmum Groun premert predicti Willelmi Groun cui hares ipere
3 340 1090 388 est qui quidem Willelmus ecclesia predicta vacante per moter predicti Willelmi ilcoke ad eandem ecclesiam presentavntur quendam
3 381 1066 426 Stephanum Grom qui ad presentacioem gciam fuit admissus et instatatus tempore patis tepore Domini Nnunc per cuius
0 412 1090 474 mortem ecclesia predicta modo racat Et de ips Willelmus Broun pratre uter descendo suos etcm sti Willelmo Broun vt filia herece
4 449 1066 502 quam nunc queritur et sic pertinet ad predictum Willelmum Wroun de Glapthoyn ad ecclesiam predictam presentare predicti Willelmus
0 490 1066 544 Sok alqua ipsum iniuste impediunt vnde dicit quod deciorum est t dampnum habet ad valentam viginti librarum Et
0 524 230 565 nisdue predncit teciam ut
0 559 1063 603 Et predicti Willelmus sol Llancea Simon bilitia Simon et Matillis per Rogerum de Wrampton attornatum suum tenementum Et
0 595 1066 636 descardunt unum e sumuriam suande eco vdicunt quod ubi predictus Willelmus roun de Glapthoyun asserit predictam etlesam
0 628 1078 670 vacare per mortem predicti Stephani Uroum per predictum Willelmum Bron prevetm pius Willelmi Gron de Slapthton presentati
4 660 888 698 eadem ecclesia non vacat per mortem eiusdem Stephani Et hoc pretendunt vificare unde peter sudm etc
0 698 1086 751 Et idem Willelmus Groun de Glapthoyn dicit quod eadem ecclesia vacatur permortem eiusdem Stephani Et hoc petit quod inquirali
0 727 1067 781 per patram Et predicti Willelmo cok et ali milis Ine preceptr est viter quod venire facit hi de sabti proxima post octabas pur
0 751 1078 809 beat Marie 2 tc per quos etc Et qui nec tec ad recogn tc qua tam  l quem diem Remnti pres predicte
0 802 1089 851 et oimius iuratoris de consensu pertinent elici quam dicunt super sacrum uum quod ecclesia predicta vacatur per mertem predicti Stephan¬
0 830 1089 873 presentati per Willelmum Groun preum ipsius Willelmi quam nunc queritur etc se conru est quo predictus Willelmus Gron de
7 866 1092 912 Glapthou recuperet presentacionem suam ad predictam ecclesiam et habeat berete sert loci quod n ostami reclamacione
5 892 1088 964 predictorum Willelmi sok Alancie Simonis Nilic Simonis et Matillis ad presentacionem predicti Willelmi Grun de Glapthoyn'
14 931 1077 984 ad predictam ecclesiam soneam personam admicatum Et predicti Willelmus solis lilatra Simon et beatam Simon Matilli
7 950 117 991 tr un etc
1 979 979 1060 Nicholai de Sampn quid predictus Willelms Groun de Glapthorpe gratis remertit ea eis hic in curia tc
