1164 918
18 0 1125 57 Willelmus Cueraro de Norampton per Simionem de Kesewyl' attornatum suum peter versus Ricardum de Sratford' et lilri xxon
24 42 1145 95 eis unam Chepsca cum pertinentiis in Norsampton ut sus heditatem suam Et in quam isdem Ricardus et Ailici non habenit snguesum
24 70 1114 127 nis per thomam Gorasre quondam virum Isakelle sit Willelmi de Otoru nostris predicti Willelmi cui hee ipse est qui illam
28 116 1111 162 eis dimisit cui pipsa Iatell in vita sua contradicte non potuit ec Et vnde dicit quod predicta Iabela fuit geisitca
24 138 1135 205 de predicta suipa cum pertinentiis in dominico suo ut de feodo et iure tempore pacis tempore er patris domini Regis nunc cap¬
32 172 1142 240 inde explet ad valent icra Et de ipsa Isabella descendurt Ius icua isti Willelmo qui nunc petit ut filti heredi Et in quam
32 229 334 274 etc Et inde preducit sectam etc
35 246 1145 297 Et Ricardus Aligen et defendom us suum quandi etc E dicun quod predictus Wilelmus nichil suris clamai potest in predicta Iopa¬
31 283 1127 346 diccaten quod de predicta nhopa et consimilibus tenuris in villa de Nohampton tal est consuetudo al antiquo cosi¬
36 318 1110 377 catai et apprpokata quod quandcumque aliqui ver extae aliquos tenementum de iure vesris aleiare voluerint renent coram
32 356 1134 406 marcre et ballivis ville predicte apud Gildam aulam et ibidem coninconi facienti et uxor affidabit quod nec parata nec heredes
35 392 1134 440 sui in tenemento sic alienato quicquam in postem clamabunt post quas cognitieem et afssidaciem tam ipsa uxor poest
35 423 1130 465 motem viris quam haeredes sui de iuresio imperpetuum excludintur Et dicit quo dieluno proxia post fteri ascensionis
32 461 1128 503 Domini anno regni  avim Domnin nunt vicesimo ocavo uert predicti Thomes 2 sns uxor eius Matra predicti Willelmi cuius
38 493 1128 538 heres ipse est in vilda aularibidem coram Petro del exctr tunc maiore et Roberto Tolous et Willelmo Vurnassal tunc
42 526 1145 577 ballivis ville predicte cognouerunt quandam cartam de predicta Chopa confeccam esse factum etqum superquo eadem saltolam
46 557 1144 599 confessa fuit et canmata ac eciam affibantur prot meris est in eadem villa Et profest predictam cartam que testam
49 591 1123 637 quod idem Thomas et Iakelle dederunt et concesserunt predictis Ricardo et ilici predictam Shopa cum pertinentiis habend tenend
42 627 1111 670 eisdem Ricardo illicie et eorum heredibus et assignatis imperpetuum et obliganerum set et hered suos ad wara etc und petunt
54 656 1125 711 sudem si contra cognituenem exannuacionm et afsidacione predictoe Isakelle cui hates idem Willelmus est et eciam contra
46 694 694 741 cartam eiusdem saltlle et warantiam predictam accionem hibere possit et c
46 716 1124 775 eEt Willelmus non dedicit predictam consuetudinem sdictit quod rove siperis allegata ab accione precluidi non delit¬
42 764 1117 801 quia dicit quod humodi cinicio exannuacio et affidacito muncui sacte fuerant de predicta chopa sicut predicti
45 800 1111 836 Ricardus e lilice dicunt Et hoc patus est vificare per patram Et preticti Ricardus et Alicia similiter s preceptum
50 822 1104 892 est ineus quod venrio facris hic die sebati proxirti post mensem Pascha 12 etc per quos etca Et qui net et ad
52 860 371 909 retogn etc Qina tam et
