1152 1347
16 0 1135 64 s Thomas filium Hugonis de Staunton pro Roletum se Chaunceux ater suam peter versus priorem de Nenton
14 53 1127 103 adnocicoenem ecclesie de Herleston ut iuis trm pro bretem se recto clausum  Et unde recem Thomas per attas sicum
11 74 1130 131 dicit quod quidam Willelmus de Sannton amecessour te fuit seisitus de predicta adnoicacione ut de fecto et
10 123 1122 180 iure tempore pacis tempore t hc pai domini Renunc Iui quidem Willelmus eodem tempore ad predictam ecclesiar¬
19 151 1147 218 presentavit quemdam Willelmum de Grendun clericum suum qui ad presentacionem suam suct admissus etiusticiis
13 190 1128 240 tempore pacis tempore eiusdem R hcapienao inde explen ut in grossis domus et muncis oblonibus et ob¬
7 230 1120 290 nemonibus ad ralenciam et ut de iure ecclesie sue predicte Et de ips Willelmo de Saunton destenesus etc
3 258 1118 329 canctam Willelmo et filio et heredi ite Et de ips Willelmo cidam Willelmo ut filio et heredis tis Et Ee rostr Willelmus
0 304 1144 364 qua chlur sine herede se se destend ius te audam Ricardo ut fratri et heregis its Et de ipso Ricrdo quiaabit
0 348 1125 419 sine herede de se destendis us t muitam clementis ut sorori et heredi Et et ipsa Clemenoia destenet
3 382 997 436 rus t predcicto Thome qui nunc patit ut fili et heredi Et quod tale st ius ter ossert etc
0 428 1114 485 et pricr per simonem Rebans atrem suum venit et defendem us suum suande a Et geisinam predicti Willelmi de
0 455 1108 515 couinton antecessoris atram de cuius geisina t ut e feodo et iureati et totum at Et prater est defendere
1 509 1117 575 pr orpous uida illi habetis sui Willelmi filii Iohannis nomine qui presens est et patius hoc defendere pr corpous gvum
6 536 743 583 vel alio modo sicut Curie consideranlit Et si de eo ter quod per alium ter¬
4 563 1104 652 et Thomas dict quod predictus frioru iniunste defenis iuis omin t c et gersmas illelmi antecessorius sus t
6 613 1112 687 Et ideo ininste qurod predictis Willelmus antecessorum tm se predicta adnocacione fuit seisicium ut de feodo et iure tempore
11 645 1118 719 pacis tempore predicti Rogeris h param domini Rnunt Et de ipso Willelmui Estendit ius ite cudam Willelmo ut filae
7 686 1107 756 heredi pt Et de ipso Willelmo andam Willelmo ut filio heredi et Et de frasto Willelmo quia obir sine herede
14 727 1121 807 de se descendit sus ter andam Ricardo ut fratri et hered t Et de ipso Ricardo qobii sine herede de se dest¬
19 762 1107 827 ruis rtr curam Clemencie ut sorori et heredi tu Et de ipsa Clemencia sestendos ius ac ipsi Thome
16 809 1104 880 qui nunt Petit ut fili et heredi tur Et quod talegit ius suuim offert assionare per corpus andam liberi hominis
14 841 1108 913 gui Willelmi filii Thome nomine qui presens est et pater hoc assonare pr corpus Dum vel alio modo sicut
1 883 1105 963 Curie consibravlit Et si de eo termo quod palum terr sesno cougieu est quod duellum sit me inter eos Et predictus
10 906 1111 998 Willelmus filii Iohannis set vadum defendendi Et predictus Willelmus filius Thome st vaduem difsavandi plegi
16 957 1117 1028 predicti frioris se duello Petro le sit Warini et Gillelmtus de Reycestr et pleg predicti Thlome de Auello
953 1008 1013 1037 c
14 991 1114 1074 Robertus de Chauncey et Iohannes gbt de Herleston et ves datus est partibus hic die in sencta postia
19 1020 1105 1102 quadragesime a tunc revant predicti servientes armati atca et le quem diem venerint partes predicte
17 1064 1095 1151 in parpris personis Et silius predicti servientes arnati et ad barram prout moris est iurati ac a barra parce
10 1105 1104 1172 dentes venerint ad campum persuello ordimatum et ibidem tam predictus Thomas quam predictus pregor ve¬
14 1131 1111 1217 verunt coram iustiar et pecierunt licencia conrgandi Et predictus frior dat domino regi viginti solidtos
6 1168 1098 1252 per licneca tnerdandi Et est concordia cailis silicet quod predictus Thomas rergnouim predictum aduosionem
16 1217 1104 1289 esse sus ipsius prioris et ecclesie omne sancte trintotio de Lenton et illam remisit et quietum lalm de
16 1248 1152 1346 se et heredibus suis predicto friori et successoribus suis et ecclesie sue predicte imperpetuum et habent Ex
16 1269 290 1335 Rogerum Helare naris sunm
