1121 722
323 0 693 30 cti poriu pecat tersus supti copini
30 0 289 49 trata eore per sustas Narre
32 16 676 73 cum pertinentiis in villa  Sarati san fetri ut sugter per retem d ingrum tera
36 41 1072 109 Etingor Agnreo per frosatum et gurie accorni onecent et coternoe ad warum chmasit a reti sobeto
36 78 780 131 Swbze qui Etuissa catem eptt quros dqueltai lde turret rosque ad cate aa
34 101 1080 166 Equieta diet quod predictis Thomas est plene eateos son preceptum estrice quod tenre sicrites haocpis de Kune propinatost
41 147 1074 204 festum stensionis domini predictum Thoma ut per aspinaum cepero libuer possit curia ttrum idemccho mas sit plene eatis
35 177 1078 231 becnenti lequem diem renit tam predicta ficta quam predicti Hugo et lgnes per predictis attornatis suos e pretictus
31 209 1076 263 Tlymas nouponit crit modo mandat quod dem Thomag nichiie in baletana per quod ptest acaich
35 236 1089 303 sine dist ingi te et testatum est quod idem Thomas satis habet in villa de burgo sancti fetri pr quod tm se sicut
30 269 1080 346 pus preceptum est rice quod venre sacs hic predictum tiomam die Lune in crastino trinictatis ut per aspectum corporis
26 301 1095 368 et Ende t le quem diem reni predicta sueta per predictum attornatum suum Et hiliea predicti Hugo et lbtum per predictum attornatum
22 332 1095 412 tomiti et inter modo mas quos predictus Tromas mannarit est per solutem soboa solutem le dede suncti ips in ma
22 373 1095 435 et scriptum estcentus quod taria cum per omnes terras etera Et qud d ext t e qod habeat tompr eies hic dieneluis perpetia
18 404 1099 481 post ocabas sancte trinitatis etr sendies datum est pertibus predictis hic et ad quem diemren predicta sueta perpedicium
20 432 1093 511 atcorera quam et eand fredidi sugo cagnse perpredictum solutem de Surch acontum suum Etriter nanbanit quod preceiptesha
19 473 1089 551 de harradeon villlio liberatis albitis d burgo sancti pctri qui abti resondidit quod predictus hres nichil habe¬
20 499 1104 588 in saltam crta pero quos potest dri ridenint dicet quod am suere nichil habet in ballaa ext libtatem sactam
11 536 1090 627 per quod potest disti et se ad feticontem predicti Iohannis de Burth attornatum predictous tenentum precriptum est riceconti
14 582 1092 654 quod aae utm pro omnes hagintum is dextos ter Et quod hebeat torum eiueshit de amnipropima pest quternam
19 631 578 699 sinecrimitatis tr isdem dieo dactam Et portibus predictis huc ec
