1165 397
5 0 270 40 CLunam Wilelmo de Bron
292 0 361 46 Tasche¬
533 3 704 50 fuit com Radulphi
821 8 888 48 Eltn
1024 7 1101 57 iatuu
18 29 226 75 pacis domini pegrio de d
284 34 393 75 Ayno et fe¬
397 33 520 76 teriis in comita¬
540 42 855 82 sto per ipsum perpetratis et pretint
1008 45 1099 82 t imi
15 57 675 105 ecclesiam de Isieby maris et cistodcs in eadem per villatam d Lsbehy
694 72 1117 117 ucusque Heni Willelmus nocante felomite vitisit
11 89 863 140 ab eadem I ad idem de eras suo villatam predictam et postquam sit evasit fugit et
884 102 1107 151 predicta villata ipsum presequ¬
10 124 1107 184 Datur ad ipsum arestandi et recapiendos et predictus Willelmus semper fugit et de quodam baceli quem habuit et de sapidibus
11 164 766 206 quos invenitr se defendebat in quantum potuit nolens se paci domini regis redde¬
821 168 952 221 in de futrigter
1038 172 1114 218 ilicam d
192 191 409 224 per perocaem Fmsed' qui obit
678 195 754 222 habebus Mars
1 199 734 255 Fisreby secaptate fuit cal eius 8 s vni vict pro idem Willelmus habuit et
1046 203 1109 251 S i
915 207 981 250 Stist
11 235 578 281 et de exitibus terre eiusdem pr medum tempus 9 s pro tribus
1004 274 1072 318 pet ci¬
764 278 826 319 con et
5 273 297 327 catalla predicta sine warto Io
11 308 142 355 tuam conon
