1331 855
110 14 1264 71 e Willelmus le Wyle garcio Peod de nono castro scarecari felonice interfecit enidem Radulpdhum in campis de Muliton'
127 59 1240 111 die Lune proxima post festum sancti Mathie apostoli anno regni Regis Eani Regi nunc vxxo Et predictus Willelmus
130 94 1253 149 statim post fectum fugit so cala eius consistantur pro fuga alis emis 7 s 8 d o n vico re posted
136 130 1250 192 sutr tostantur quod predictus Willelmus captus fuit et ducias corm Iostiaris ad Gaolam Castri Norli' deliberndo assiga¬
136 167 1226 223 et ibidem pro feloma predicta suspensus primis inventor obut pestea comptum est per rocho I de Buchketon
142 204 1249 255 Coron quod predicta bona et catalla fuerunt predictorum Radulphi Iohannis Womber et Willelmi Wilte Et super hoc dimctnis E pe
133 235 1236 282 dmid ieri mendant brem suum vicardum et coronta in het vba Edwardus Dei grati Rex Linglie sunis hiberum et bur¬
135 277 1236 322 liquint vicei soliti et cononm eiusdem actem salutem Suci ex relatu fdedignor accepimus quod eo quedam una et
130 302 1252 351 catalla que fuerunt Raduipi le caretor de novo castro subtris hyn iuper iuxta parcum Niohiecet per quosdam ma¬
133 331 1250 388 efcore et pacis nostre perturbatores interfeci ut dictus cepistis in manum nostram ac si bona et cer predicti per fehomam
128 364 1258 430 per prefatum Radulpdum factam ossent forisfacta vobis precipimus 1gi ita est tuic accepta sufficienti securitate de milite
127 399 1233 450 ta que fuit uxor eiusdem Radulphi de Hinis et calra predictis vel pratici eousdem iuxta arpciaconem legalite per vos¬
128 424 1252 497 faciend nobis rospondendis in iteres iusticiarus nostrorum Christio itineraturorum in comitatu predicto s ad nos debeant pertule bona¬
127 464 1236 531 et catalla illa prefate miliconte sine dilacione deliberari facie per securtatem predictam Et haebeas ibi hec bere t¬
127 492 1252 562 meipo apud Bratenton decimo die Martii anno sneni vicesimo precextu cuius beatis I ruvel tam
128 517 1244 588 vocianum et predictus corum ceperunt inquiu super premissis per quam coampatum fuit quod predicta bona et catalla fuerint predicto
122 556 1244 633 Radulphi interfeti et nullu aliij sue quidem catalla liberata fuerunt predicte milicente per manicapcionem lide¬
122 590 1249 653 de Essely Noe ad crucem de Suketon' villelmi prest de Prtlesworth et Philipi le Clark' de Wlaston qauod
721 622 1240 684 Et modo nomi epetutores predicte malcente et
124 642 681 695 restin pexi coram iusticiariis stoinerantis in forma predicta i
115 659 1232 710 dicit quo predicta catalla fuerunt predicti Rriditi quondam viri preicte milicente a petuit quod predicta catalla possint
115 693 1240 747 sibis remanerenis Et sine testantur quod predicta catalla fuerunt in communi predictorum Radulius Iohannis Vombe et Willelmi
11 738 1253 820 rxwolde prout superis compitumest pr rolos coronit Ido responda domino regi de trta parte a predictorum scilicet de Xvo¬
99 780 418 845 1 d et residium remani sc
