1123 277
9 6 704 74 walus de Floraue felonite inter fecitur Iohannem Walram in Aibbachia sancti Iac¬
1 20 800 106 rkegeo nunc tercio et statim post factum fugitu so catas eius confiscant pro fuga cra
2 78 700 130 postea sure testantur quod predictus Willelmus carptus fuit et liberatais in custodia
21 123 741 163 Osfonda Robertus filis et heres eiusdem Iohannis quo devenit ecc pinis nventio
582 148 649 180 nt s¬
19 152 379 197 ptilis cortum quod predicto Willelmo a Cistaedel
700 176 764 220 ostquam
582 178 647 218 Nicholai
11 179 381 223 cad indem de easione fiis Willelmi super
16 212 143 271 Bacam predicta
824 0 916 49 hebt dno
797 73 916 129 Dleby tunc
795 171 912 231 enessit capt
