1152 425
14 0 143 54 Tundai Iohanni
535 0 1112 52 ent ad malendinum suum apud Falderby anno regni peo
414 0 512 50 et acint
289 12 389 59 de Sprot
968 32 1097 79 Vinginte
21 38 173 86 e patris tc quin¬
208 46 260 84 et m¬
295 38 358 82 quo
383 41 448 89 ci uxr
509 40 690 83 Pilec e Simon
977 63 1104 113 eideis pertiss¬
20 68 280 124 molendinum predictum qui quide
288 74 747 122 et Waltero et Simon in ipsum Iohannem mnsultam ferunt
905 70 1105 140 lagalliter et dixit
787 75 881 146 ber ipati
28 105 759 139 dmni Walterun cum quodam Hacili in capite quod statm net obit et predictum su
880 125 1116 176 tenementis terae etcm  deenitiis
20 135 726 177 apud Nolt et fartum ibidem liberant in custodia Iohannis de Wilelby tunc
1051 157 1111 198 Poste
20 172 943 218 et iu testu quod predictis Iohanne molendinariis obut sintoi nichaeli tllivo de eo primis micentor
969 189 1114 243 ssignati quod preciti
786 191 942 242 sicobis delbando
22 201 756 259 campiio est per rocis h spigionel et secous suorus susiciaris acd ad carlam Casr¬
1036 223 1108 261 et S¬
909 228 974 271 fuit al¬
21 230 729 284 Simon denent prolatus coram corone ad et prosta dictis cor eisdem si
1021 257 1073 298 inquam
18 266 572 319 volusset appeblirus etc qui dixit quod clericus fuit et non¬
967 286 1065 326 ftum Gidn
18 300 266 343 concus lbatus fuit in c
971 319 1035 358 habo me¬
596 303 660 366 adiquonim
694 327 843 370 in uen festtus
22 333 85 366 H¬
