1130 740
10 6 1095 72 Nhomes le crour de Kauotyngg' captuo per appellum Galfridi de Wodhulle et probatoris et dleita commiti
15 39 1106 122 de eo quod idem thiomnas ipsum pratorem receptamitur et quendam Iohannem filio Philippi le Longe de Paochewell' silitet
17 72 1106 140 pefatven et cercium comutum et emit ab es duias vacas et sex bonterits pro 30 s onde Den Galfrido
22 111 496 163 fuerit 1 s stieis predicta aAueria esse finata
506 137 1110 184 de eo ad idem Thomam partum comitis Lancastri de
142 147 636 184 die dominica parxitia ante festum sancti Liustam auro q  nunc
22 140 1103 218 Becham fercis fegit et cum bonchum Iordami le mareschal preter vs inventum in eodem felonte furate fuit
19 177 1092 260 et eriam unum bonicum Henricum Pentyni preter vis nic eodm parco inuentum felonte furatur fuit Et silicet
17 216 1103 285 mavi vacam Iohannis le selereresman et unam vacam Ricardi de Bodenlo in dicto parto inventas furat
17 247 1102 326 fuit et abduxitur vnde indicatus est coram iustaris uci itcis vent et allictutus qualiter se velitur de felon
18 308 1078 350 prodicio acquietare Refendo tonentm unu felonum et quicquid est contra pacem etc Et quod in nullo est inde
25 329 1094 380 culpabilis de bono et malo ponter se super perptam Et Iur hundre de Herham dicunt super saramnm suum
22 362 1100 434 quod predictus Thomam culpabilis est de predictis hocinis sibi impositis icdeis ipse ic Catam eiuis 3 s 3 d omnm
0 415 1106 462 d uicitu responda idm Thoma habuit terram scilicet unum mesuagium et unam acram terre in Kuotyng' in comitu Bedef¬
11 444 1109 488 inque volent et annum 2 s vn vice red Et de vasto terre eiusdem 20 s comn idem viceatus bedi i Idem
115 470 252 495 vinum unnderiti ta¬
10 469 1098 521 Tho hunc tere et apud Nebeton in comit isto que valet per annum 6 d une votatam istram comite r Et nichi
11 512 1106 557 de exitibus mediis temporisque infra annum id postea testatum est per fur quod predictus Thoma habuit quinque scilicdes
14 547 1087 590 redditus per annum in villa de Oclemi comite Ded un vico ved o Et eciam testatur est per eosdem quod predictos Thome
7 581 1088 611 habuit terram in eadem villa t et plura cac que Regi tec sinsetis prateo est vic Dediti quod per sachuanmt tar dligenter ingquirat
6 610 1087 643 que bona ec Et inquisicione nest habeat coram iusticiriis hic e die mercurii proxima post festum sancte Kateine Virginis sul¬
8 639 1095 669 sigillo suo et sigill em Thome habuict plura cata videlicet 14 s unde Thome Vake vic stea
12 668 1094 712 uenenti Ricardus Chambleyn capitale dominus predicte dimidie terre que fuit predicti Thomae inNeeton et fircit fineci domini Regi et
11 698 739 739 Nictum est viarue quod dinone
521 698 720 738 ducucet inteinum al
