1119 652
5 0 1091 50 fil pade Lambert de Multon indicatus coram Iusticiariis huc de morte Rogeri heyessone de parvca Gilby
22 37 1097 84 aruid Noliet anno regni Regis nunc secundo felonice inter feci reddidit se presone Regeri in custodia vieci qc Wenti
23 74 1061 125 pro viceoim ductus et allotutus qualiter se velit de morte predicti Rogeri acquietare lict quod ipse alias toram
27 111 1082 158 Waltero de Friskeney et socutibis suis iusticaris domini Regis ad Caolam Castri Iohanne delibeand' assignati die Martis¬
23 143 1091 183 proxia post festum sancti Mather anno regni Regis nunc sacundo Albtutus fuit de morte predcta et ibidem taciquam
23 176 1079 221 clericis tonuictus liberatus fuit Ep ue Et de hot vocat retondum rotulorum predicti Walteri de tempore predicto
508 203 635 230 de morte pta
19 207 1075 255 et postea coram Henrici Lincolnei Episcopo se purganit ret profert inde liers ipsius Episcopi patentes in hec vla
31 241 1083 284 Universis presentes litteris inspercturis fenrici permissione divina et incoluim Epuo salutem in omni salvatore Sme
22 268 1056 321 omnia que geruntur utique facilius memone oturrere poterunt infituru si recente dunm continguint Hali¬
26 305 1061 351 pasine fideliter comendentiur universitati vestre notum facimus per presentes quod Thomas Lamkarde clericus super
26 337 1051 376 morte Rogeri de Billyng inter fecci a quibusdam notatus et ideo captus et incarceratus nobis que adiunidicandm
26 367 1060 401 in frio ecclesiasticio secundum canonicas sancciones uno modo vel alio per fasticis domini regis liberatus pest plures
26 401 1067 448 clamacione in locis huic negocio oportinis solerinter et publice promingatas cum nuillus esset quam per viam
23 428 1080 471 accusacionis vel alio modo tantum facimus contra cem prosequi attemptaret de eodem quine canonice se purge
26 460 1075 500 nter poter quod idem clericus abuifami cuinus hici aucte nostra sententialiter absalite et resticicios integraliter fan¬
26 490 1076 544 sue In cuius rei testimonium has litteras nostras eidem clerico ad instanciam sicam humilem et denoam duxinmum
23 528 1076 570 cuincedendas Datum apud Eynesham sexto Idus aprilis anno Domini millesio cobrerto cricesimo Et super hoc
22 554 1057 594 questis rotilis predicti Walteri de tempore predicto compelia est ien eisdeum quod predictus eisiem e um s
18 588 690 648 liberatus fuitr Epo tcc pro morte predicta fanto idem Thomas inde sine de ecm
