906 1089
12 0 881 77 Fassam Uone rect gi Willelmus de la Grourceapllan et Nicholas fratri oumies Lumiste etera dictus Wilti¬
30 47 878 137 et bertem perpionta de libero tent suo in Alummebagim prater pinana et c et umni quado qro dicis cnem de qrauor
54 109 158 154 e A etc
48 116 879 196 Willelmus et ali Uone et dicet qro predictus Willelmus de Hemptone Iniste quara de predictis quatuor acras terre
24 164 857 235 er dicnt pro nono poseuint in uign suo in autem tres Acra tre et preteroa dictus Willelmus Capellano
27 200 883 264 Ut pro de illis eb acrias terre non dictis predictum Willelmum de Bomptone quod dict qet quidem Henrici filii
27 247 877 314 de Alinbleg de boua et pacifica sanse sua ipsum fosfavit de predictis tibus acris tere
27 286 603 354 et qro predictus Willelmus de Bemntone sunge habuict bn aliua cegam
20 290 859 385 et illelas de Bempcione bne cognosicit et predictus Benricus filius Willelmi alia tempore fecerait predicto
26 340 884 424 Willelmo de la Grene quandcam cartam de Foftamerco de predicta terra sed dictus quo inquam aliqua sect
26 378 882 463 itadierict per predictum brtam Eit unde pue predictus Henricis filiis lulli per boriiati camstris anre colto
26 429 857 512 predicte carte dimidiat predictam terram cuidam Henricui de Pirie ad terminum viginti annorum
20 452 870 537 et prederea infa deominum simi fecit predicto Willelmo de le grene predictam Casftam absque aqra Earie
17 495 865 583 quam ei Domn Feciset et pretes obut predictus Henricis de Purie ante fimine predicti Kini vegni
21 532 884 618 annorum Et et idem Renricis in ultcima uoluntate sua leganit legant reidmt tein¬
18 577 891 651 sui que eondem terra tenuit prete motem predicti Henrici uiri eu eodem mdo quo diem Loieim
24 620 879 689 eam tenuit et preted quidem Henrici de Corl dsponserint eam et interit in eandem
25 668 890 731 secinm de predicta terra et preteres in processiu temptoris uon predictus Willelmus di Bemptone tcli St
28 708 873 772 vereus predictum Roenricus lt Wilelmi de Amnelet quoidem Henricus ipsum Rofrunt de predicti
33 759 903 818 terra et carta suam e ld fecit pric se satisfacet predicto Henrico de orfta firmaro
35 783 891 866 de ternio cuo et idem Willelmus de Tempton tanicum feit versus eumdem Henricium de Cork quod
40 824 901 886 idem Henricis remuienit ei tontntus pesidium termini sui Lagtam per predictum Henricum filius Willelmi
33 859 903 928 fecol comiune sustum quam per predictum Henricum de cealem firmasium interiunt idem Willelmi de Hemton
35 893 876 967 mne dictis predicte terre et remangit in bona et pacilita sanctis quonosque predicti Willelmui de la¬
32 930 902 1008 Etone et Alio itieim Dine distus Et dehoc pouit se super assisnatim et Iuria uen et hoc dem
36 975 901 1058 dicent qui gacsum omnum Et i contera Et quo predictus liltum de Henitone retrs cessuni sum
306 1019 906 1088 le Grene et alii in nosna et
42 1044 906 1088 rel Et predicti Aigeri e aea
