981 579
716 0 803 44 brecim e
613 0 694 45 brtum le
13 0 592 77 Iass uen ret gi Alanus le harpur iniuste et cetra disseys H
690 33 897 79 nus virgate terre et d
26 35 668 107 Spton pret paam et e Et unde querenat quod disseysun dmrdnm de medietate u¬
22 64 904 138 Et Elamis uen et dict quod predicto Herbetus iniste tuerit assisam istam quia dicts quod idem Berbus
26 101 903 173 tullis assisam nove difsicne ue ipsum de eodem tenementi cora magistro g de Wauton usticiariis ad hoc ass¬
26 138 906 225 perctum soitum fuit quod idem Heribus uillamus fuit ita quod idem Clamus per consa curiam recesit
25 174 968 256 et predicto Heresaus remaneit in mua Et predicto Herberus hoc idem cognaum q tonuer est quod predicto Ala¬
27 225 410 303 ine quietus et Berbus pauper est et c
0 277 943 377 Willelmus Sandige de Cassu Raulgod peter ner prptni de Wnilele duoas quita stertres rperteniism mim
27 337 956 390 ut Ius suum et ce Et unde quideam Robertuos de la Core antelis suis fuit Hexgs in dominico suo ut de feodo et
27 352 954 440 iure empore Hr au Domini Nenunt capiendo in Uepel ad valentiem dei mici et c Eo de ipso Roberto destendit
31 397 977 481 us tere illius cuidam Egnem ut filii et heredibus Et de prata Agines qude Thi ut filiis et heredis Et de ipso Thome
26 422 964 503 quindem Roberto ut filis et heredius Et de ipso Roberto et obit sine herede de se cuidam Thomas ut fratri et herus
28 461 971 540 Et de pasto Shao et obit sine heridus de Se st Willelus qui nunc pectit uet fratri et heredbus et quod tale sit ius qunum
51 527 140 575 sert et c
