961 487
14 0 914 58 Rogerio Uca roter si stephani filiis warintiftratre filia stphni iniuste et eta isis stephalui de Asseford' de comma
18 29 928 89 pasture suce in Fenemere que pertinet ad liberum tenementum suum in eadem villua pret paam et de Et unde querin¬
15 65 921 122 quod diss ecum de comma pasture sue in quodam boeco qui ttinet decem acre in quo solebat habere
15 102 942 172 commuam ad omnia auteres sua per totum annuo quousque predictum Rogetum assartauerint et in culturam redeginum
18 140 546 200 ia quod ibi communare nod porst nisi pret belada asporata
13 170 940 250 Et Stephani et Ricaris uoeus et dicunt quod predicto stephanm de Aeford muinste culia afsistam istam quia dicenit quod idum scet
12 233 928 289 ninquam fuit in Seysina unt eium quod assarte et aprobamentum ilud factum fuit antegrae idem Stephani habuit
14 251 524 297 aliquod tenementum in predicta villt Et de hoc postr E uptia assisnam
13 266 956 356 niter dictm prod predicto sepitao filis Barini et Riciri ilii Pepa non dis predictm tephani de predici commida pro dmni
14 338 953 380 quod nunquam fuit in Seygina Dunt omnie quod Bogtum illum assartaerit et apobannt per assenam capitalis dominorum
7 356 942 422 Manerii abbus per longum tera anquada predictos Stephani aliquod tenementum habunit in Manerio illo Et sco ditum est quod
18 408 926 477 precici Fepanis E ceris sun quiet et precto tepinans de Hferde in na perdenabus ad qustinicim Henrictfr¬
