972 602
18 0 950 62 cissam ueni rectognius Si Michaelis de Mortona Iumiste etadises Willelmi filii Thome de libero tali suo in Nottoun peto
12 38 964 105 pam etc Et unde qua quad disseis cum de uno mes et dimidia uirgas terre Et Michaeli uenli et dicit quod assa non debetund
18 77 952 140 firi quod dict quod Norttonem est mneubrum de Conedure quod est antiquim dominicum domini Regis in quo
16 114 944 165 ubbuam tale bene currit insi permuinmi bre de Becto clausum Et de hoc pouit se super alsam et Iurierus veneri t
18 152 946 211 super sacrarae sirmm hoc idem testantur Et ho congest quod predictus Michaeli inde sine die et Wilelius filio Thmmichi
13 198 431 268 teotrm per assam istam et st in nam pro filo clamiato
6 220 968 315 s alsa Uen reter si Rogero filio Celestr et Riduldus Tulbere Iiiuste etcta disseis Willum de flemuninge de commui¬
16 290 934 351 na pasture sue in Northbyr que pertinet ad liberum tenementum summ in eadem null pro pami ceta Et unde quar
18 341 960 396 quod cum libere solebat communam suam in tribus acris uruere per totum avi cum omnimodis aunriis suis predicticaris
11 370 935 423 et Nicholam frussipre fecerint et inculturam redigire predictam bueram quo mini in e communicare possit
18 414 172 451 epuae inbladicciones
18 438 933 491 Et Regis un michil dict quaram assia remm et Nicholiaus nonus vunit nec fuit atacialtis que nonfuit inuentus Io carata
26 473 220 519 allate non cum per defalt
30 497 945 554 Iur diunt quod predicti Rogerus et Nicholaus disses predictum Willelmus de predicta comuna pasture iiste etetea sicut habet dict
23 547 601 601 st cuisus
