971 602
8 2 925 46 Iallam ueneri feco si Robertus Eorbet uimiste et ceta isetis exidem de Credinton de comminia pasture sueimn recono
15 39 925 78 Prestone que pertinet ad liberaum tommitum santum in Roefod prte primam et c et unde quam quod disis eum de cominia pasture hue¬
15 77 938 137 de quodam gora que contur quadraginta acra in qua solbat bestre commnam tranquam pertinenti ad libertum tenemenu omnum in edem
14 107 928 177 uilla pro totum annum ad omnimoda aueria sunta quondam dom Robertus ei deforcianit pasturam illam et filier quem quod
16 151 943 219 habere debeat communam pasture sue in quidam Iulneco quod continur quinque acras ad omnimoda anera sua pater kal¬
16 187 916 264 asspiortatea de Campio Rilneco flo adiacentibus predictos Robertus Sulnotiomum ido includi fecit fossato et Hardus
22 225 379 282 promicat ipsum aliquo tepre aiberetre continam
19 262 938 322 et Robertus ueneri et dicet quod predictus exidue Iumiste tulict assantam Istam quia dictus quod dem exndinuo nec aliquie Alcicaino
14 320 933 378 quam predictum tenementum de Frefforde tenuerit quinqua aliqa commnam bi habeunit in habere debet vien solet si de Garta uel permissius
20 354 754 414 et pro suo dando scilicet per arturis et ealinis dandie per annum E deloc vouit se super assicam
15 389 938 434 Iur douno quod predictus Robertus dissinis predictum eodieum de predicta communa pasture uuiste et ertas Sincto bibe dict Caa domini
17 426 948 495 quod predictus Egidrus et omnes antessoris sui qui predictum tenererum de Befforde tenerit semper communcare solunt et delent
14 473 919 530 cum omniodis auerius suis per cotum amnum in predicta Corta Et Similiter in predicto Lulueto proter bilada detampis de
17 506 948 575 Ranerneco ili ediacentibus tanguram pertinentes ad liberum tenemenam posorum de Refford sine aliquo suo dendo et heno contra est
14 538 108 593 quod predictus Et¬
194 548 601 601 feuionum Sulin et Robertis ta nna
