940 1022
1 943 50 996 ne
9 20 931 83 Rugns de Hodmoustone parter ur Thomas de Ohyreforde unam cra trecum partinets ept tibus acs terre i de Reger¬
15 60 903 120 ut suo simm ccti Et Thoumenei Et conc fuit Et Hugns dit x s pro lice curiaam per prelecipimo sigistri
16 101 224 148 chomae Lan curie etc
15 147 910 225 Nynum constantumi Walterio de Hptone petri uero Dtanum Caplatum sancte Garie Silopo Sex virata terre cum
23 197 913 248 pertinentiis sugntton de quibus Roberto de Gyrg annunculis predicti Choamiai etconsinguimuer ipsius waltei cuiu heredeus
25 224 921 280 ipse suit fuit seis in dominico suo ut de feodo die quo obit etea Et unde dicnt quod predictus Robertuos de Eyrt antecessor
23 256 908 310 iporum fuit scisis in dominico suo cbir enere ses ut de feodo Et deipro Robertis pobut sne herede de se destende fedo predicte
25 289 910 339 trt quibusdam Icabelli Iohanne heredis suis Et de ipsasses descendio feodi ppartio sue predicto Thoma qui nunc petr¬
23 319 909 372 ut fili herediis Et deipa Iolunni descend feodum proprietatis sue cuindam Waltero ut fili hered E de ipso Waltero
28 352 381 402 istiwaltero qui nunc petut flhered etc
25 365 903 435 Et dcamus etcapitulum perattornium suum ueni tduent quodom possunt finde fine domino re respondem pe diumunt quod
25 421 910 467 predicta Ecclesia sua Sancte Marie de Maleop est capella ipreimuos domi r tquod ipse confert ones prebendis ad eandem
30 459 139 506 spactante
31 459 908 521 Et Thomas Waltero dicunt quod loceria in ullo tongerm domini Regis ne dominus Reg nec aliquis autem suorum uinquesam
32 508 918 561 verint aliquid in predicta terra ue illam qinquam conculrunt predicto canmete inno predicta fra est suis et heredis torum tcebis
36 550 919 589 de qua predicto Robertus de Wyrce antecessor ipstorum abut eis ut defeodat amquque annis elapsic Et detanum taram
41 576 917 620 per attornatum suum dicunt quod nolunt nec possunt sne domin Regis sun respondet Et quesiti si habeit aliqui cartam de feof¬
48 602 920 653 fanento de domino vo uel aute tersaus de predicta terra dicunt quod nolunt aliquanm carta ostendere net habnt ncesso Et quasm
46 636 402 684 si aliud soluit dite dimint quod ad presens non
48 641 910 706 Et predicti Thomes Waltero pretise peteri iud deficut predicti Ieceanus et capellum presextor suet In curiamper attornam
48 677 904 740 simm micbi estendunt de domino Regit uel ante suis neque cartam neque insruncque aliquo modao possint
49 711 916 757 ostende qod dominus Bere uel aliquis aute suorum aliquo quae conferret predictam terram predicte ecclesie netc alicquia alio no
55 738 888 784 d rolunt defendem Ius ipsorum ne feos predicti Roberti de Cyroantea sui qui ebut secue de predicta tretreitfr¬
55 768 918 825 quinque anni ad plugelapsis Et et pedicti Dectanus capellum mnibi ostendit de domino Rogerios neque cartam ceper mum
61 796 910 848 mentum nusque aliquid ilud insficiurumquod dicuit quod dominus rex confert detanaonm predicte acte Eutd predicti Thomas t
59 826 919 884 piriti sunt nerificarit vercis predicti Rioberti de Wyrg antcessoris ipsorum quod idemrib abut indefeisut
57 857 910 916 de feodo Et quod ipsiperopinquiorus haebedsipsius fuit ne predicti dedanuis tcapestulum aliquo alio modo nali
56 882 919 954 defenedt Ftinfety congerstras nostrem scano raspeptinum prilnent ineofensicquasd prati elimnium Hilte
61 929 466 986 roter inde fanctios fsuam et letanum capellulu am
320 963 388 1020 pretutium
