990 1142
5 4 969 68 Absat uenrreter Sitehomas filis Robertus sunmiste etia diset Rogeris de Kulmecote de communda pasture sucersn urahitinus et
2 49 972 90 partnit ad liberum tenementum sum inkalintacoum proc ipami ec Et bunde quado predictum hibre solebet commuam pasturem quibus di¬
6 66 978 118 tonum gure contuitut circtem ducentas acrtam in patis quam intris arabilibus suquibus solebit communicare post fena et
2 103 963 161 deliduo astotata cum omnimmodis aneris suis predicto Thomai pasum impedunt quo mi b communcare possi anquo toruem
0 128 398 174 um et Thama venit michia icti quanrm assam rem¬
1 146 972 225 Iurea dicunti quod predicto Thomas non disseiis predictum Rogerum de predicta communa que domini quod predictus Rogeris nunquam aliquid luit in
0 205 967 246 predicti communanisi ex gracia etpro suodendo aliquando facro sectam ad molendinum predicti Elomaie de Brethoan Et so conis¬
1 232 781 284 est quod predicti Thamat sueni sie dic Et Regis nichi capum per lsam istam et sit in una pro falio clamio
4 259 984 337 assa ven recognero ei Galfrido filio Galfridi de Ledewyche Imiste ctcera isses Agnes fili Iohannis de Bracio et liberotenesiuo
4 318 612 365 In abbeton prox paum etc Et unde quad quod dissceis eam de dimidium iuram terre
0 317 987 392 Et Galfridu uenit nichals clamit in predicta terra simmo dicet quod quidem Berelaus de Abbeton illam tent t tenuit ante impetra¬
0 375 385 426 comen bitro sui Et de hoc pout se super assam
6 387 968 483 Iure dicint quod pedictus Galfrius no disses predictam Agneam de predicta terra que dimini quod Galfridus de Ledewyle po pedati Galfrido
1 450 969 500 cumus herg iatest aliquo tempore foffavit predictam Agnm de predicta terracipm indemplenarie sed posuit Et prqueum fuit
0 479 973 532 ide in bona et pacfic seio predictuo Galfrido ante mortem suam penitut de facto suo ect ipsam lgn eicctit de predicta terra bene
0 500 982 568 dimini quoddi aliqua d sseis ei ine facta fuerit facta fuit per predictum Galfridi patrem predicti Galfridi de Ledewyketuno per ipsiu Galfridi
0 550 981 598 filii suum Et fo concest quod predictus Galfridus sin sive die Et Agn nichi capurum per alsam istam et isit in nonam pre flio clamei
0 575 559 633 et perura per aliud birerem suoluerit perdonat nraque infractatem
0 673 973 747 Iassam ueni rer siWillemo de Balualet Iohanne filio us Inmiste etia Asses ad filius Petri de Kabiululle Sibille e
7 732 958 778 eius Ricardus le Feure et clirice uxoris Willelmi filii Henrici de Werelegh et Agn uxenis de commuia pasture sue hn¬
751 764 920 795 Nommuasuam et
10 768 967 827 Balunhale que pertinet a liberum tenementum fium in eadem uilla p pm et Et unde quod quod disses eorum triginta rarumacqre
6 809 963 845 tenere Iin quibus communicare solebat per totum diium quousque predicti Willelmus Iohanne predictam brneram frussuerint et
10 843 969 887 inculturam redegernt domos mea construere fecerint que minus bidem communicare possint sicut solebant
10 866 396 920 Et Willis Iohannes Uel et Nichoeli dicti quassa recinem
10 907 726 966 Iura dicint quod predicti Willelmus Iohanne non disses predictrus ad et Sibillas de predicta communa et
772 919 956 966 Qd in dro Willelmo slo
758 947 971 987 uinquam fuit nosre rorens
17 950 957 1011 fuerit In sexisa de predicta frussura antequi pedictus ad desponsasset predictam Mibilla et deo congest quod peri
16 985 963 1046 Willelmi I ohanne inde sine die predicti ad Nibilli quo ad Honich capum assam istam et fit i innam pro falo clami Libent
10 1020 960 1069 etam quod predicti Wilelmus t Iohannis disses predictos Ricardo le Feure t cciecet uxor eius Willelmi filii Henrici Agn uet eius de
11 1047 962 1118 predicte communia sumiste et etra sicut betre dicit Io conse est quod predicti Ricardus le Fenure et alui reter seis suam per visi
21 1083 111 1139 retero t Willem
280 1111 990 1141 in ion
