1013 618
18 0 979 69 fasfi undum petegninirus si Iacobus de Fudelege Adam le Pronost de Bonindon Rcardos fio Willelmi Willelmo de Baun¬
24 45 967 111 Robertus de Nokum Ricardus Sli arud Ricardus filius eius Adam le Falmer idem clurri Simon fate Ricarduc Rrei
25 80 967 135 Ricardo filio Radulphi Filleo de la Hile Walterus ipse Willelmus Kire Radulpho Kire Ricardo de Holewey Ricardo Babbeboci Radulpho
24 109 961 188 li crant Willelmo Bern Rogero le Gris Robertis Fraaiteri Robertos filio Ricardi Ricardo filio Ricardi Willelmo Albuc Robertus
25 142 968 214 fio le Fordel Walero Berini Robannis Sarc Robertus filius Walterti de Flestok Febero de Fy kestoke Reobertus faio
22 179 964 256 Ade tegnirum Camburni Willelmo fratro eius Ricardo de Syhristone Predicti Orike Petrus Biri Rogerio le Fuarkker
26 217 959 295 Tehomaum de patur Iniste etca diecgeisuer Abome de Chodewunde de libero totua suo in Mhededunde par¬
30 270 662 347 pimam et c Et unde quam quod dicetum eum de contra acr Druere cum pertin
26 292 980 378 et Iacobus unii et respondos pro se et omnibus aliis Et dicit quod predictus Iohannes uuniste tullit assisnatm istam quma¬
30 351 983 402 dit quod predicta frmera de qua quem et quam posuit in uian suo ono est In Cledowinde Iommo in exe¬
37 371 981 456 mundone postea dicti quod lices foruera illa eet in chodewundo non disseta omniem de Fornera illa Rice n
38 408 973 486 quod Henricum de Andelore que ipsius obi cuius bes ipse est coto tempore suo tenuit predictam farueram Hi¬
43 447 970 522 dominico suo diuais perinentit ad liberam teli omnium in eenerndum et sine obuiit seuonita iia quod puater morce
44 498 950 586 fistnus Herico patrs si iernt ipsre in ferieram lam siuli cum omnibus aliis dri uate Benit quos
54 540 499 615 tenuit de Emnonibum dominos Ailio Mmnico et Hernio
