998 1030
6 0 995 85 Willelmus de Barotape Iomnem fuit ad respondendum obbati de Lillexhulle de R qpre secit Wasterium uonuericionem in feosco
6 49 965 117 de Tonge Frupnum idem abbas in futur habere possit saconabile est omerium omnium ad Trangam suam de le Mard
10 85 978 162 quod i eo babere et licicuor dictr soluet etcer Et umnde predictus abbats quem quod cum ipse et omnes antecessores sui afindatione
22 123 978 186 predicte Ecclesie sue de Lilleabille sonper fuerit In coonia de habendo prectorabilia estconeria in predicto Roberto deconge
15 144 989 238 ad predictam E Angiam futerii de Leeard scilicet ad erdendum edificandum et culendum ex dono et contessiore tndet
224 184 974 245 Aofrt liertd de Htecupt cnoneram uxor predicti Willelmi predicto Willelmo fecit Wast
22 215 963 281 et vendicione in predicto Rofeto quoninam idem abbatas et antecessores siui litere pecant ponrabild ostonerta sud in¬
18 247 960 333 bosco illo itea ee quod nesrem ballis dedit de eodem Fosco Ed gilla queptium et uria gilia uenerit et
32 284 966 362 eos acpre Dosui illius assarartauit et in ealturam rodegit unde dict quod docerioratu est et dampnum hact
33 340 407 397 et iuitur biebit ad vabentem pl p liccto
27 377 981 429 et Willelmus wene et des endem uuni et duiutum quando ec Et dictus quod nono deliet ad hoc bbe rosponde Cunu dicit quod Iftenum
33 403 960 468 berstre novum est et huauerditum et comintam gacinem formatum dic comnei quod boscis ille est soluteo m ipsiues Willelmi et dict
39 431 967 514 quod predictus allas bec et bere potest ramonabilia estiueria sua in predicto bosco ad predictam Grangiam eo quod predictus
39 469 971 539 brosictus durat per quinque lentas et In predicta Grangda nono est igi uincum asbiatum uel duo ad plus et decimt mi
42 520 942 582 licrt et berere potest hi predicto Bolco quicquid si nocosse fuerit ad Hucebote et heredibus bote si deboccat ei
43 546 942 614 rosponde de tempore fuito Et qi aliquo mode possit uel debeat ipsum impedire uel defende quin possit ape
36 585 926 651 ostonerina sua in predicto bosco furo propo pro uoluntate sua et bene dare uel uonde caliis amen predicto Abbati
36 630 390 686 gorabilibu conoruo cuis inboco illo
32 623 982 710 Et predicto Aao ban Coni quod predicto Roscius est boscis prius ipsius Willelmi et quod in eo ape pastis et delio saminablia
31 671 978 750 Nomenam cund ome pasco in boso duo propto clis annei eidem Abbati et succesoribus sue sonabilibus esdleri¬
34 703 973 778 suis in eodem bogio ad predictam Traugam suam dimi omni quod predicta ecclesia sua de Lillabill afucipio fui¬
37 750 961 821 dicionis sue dotata fuit de predictis estouerins capiendis in predicto Fosco ipeogualiter et dicictus quod predictus Willelmus non
45 774 929 850 sominabus capit eOstonera una in bosco illo unino dictie quod ipse Willelmus vendidit et dedit de Holsco illo ad
45 806 919 887 corinam destracionem bosci illius ia quo xturpant quandam eagnam partem bosci illius quetest
47 844 945 920 propinquior predicte Grdigie ipsius Abbatis libri comodins apere solobat predicta stoneria sua nihli in parpte illa¬
53 883 950 939 reolugunendo Eo si tle uasterium passio fibe in predicto Roso parciculatim et sunos me de anno in dnnum
58 913 940 983 abcqueaberimo remodio quod bibere Domini posset siam isra pances annos destruereatr predictus Fobeais pro quod
69 960 605 1020 predicta Otonerta sua sibi et successoribus suis ponter deprent
