1007 959
27 0 989 55 Absas uon ret si colemanus de Ludelawe annctlo colemann de Kudelake fuit geis in dominico cuo¬
24 28 988 79 et  de uno coger et Ylu aciam terre cum pertinentiis in Dete et dimini viras terre cum pertinentiis in Weslintone et uno
27 60 994 132 gei et duobus acras terre cum pertinentiis in ccokte die quo obit etc ti Qd de stoby unum cotum
27 93 982 153 et duas acras terre Willelmo cotera quinque acras terre Siumon Holeod unum megas Henrici Melde unam acra
28 142 988 212 Ricoberti de Kodewytche decem dcra terre et domini Iuli que fuit uxor coleman septem dci Alicaio Stone
23 173 1003 232 Suiarm acque Habelda la Nune sex dacre Magistr hospitalis sancti Iohannis de Ludelabe detem acqras terre
23 219 997 276 et domini Adi fili Iauid et Rgero pter eius tres acre Stephanus le Basse dominum virgia terre sine tenent
21 260 997 319 Et aud de Stoke et Isolda la Nune non Uen Set omnes ali uen Et ad et Iolda fuerit resimum
27 302 986 359 s ara assisa en eos per defaltam Et Iul que fuit uxor colemani dict quod predicto cleman imiste cul
23 342 987 399 assa istam uecr am per dicte quod ipsa tenet terram nec eam portam nomine doctis ficit omine quod ipsa fuit
27 365 987 437 uxore predicti Clemanim amiuli predicte colemani et dici quod predicta terra ner eampetrita puod imogrete ipsius clemanm
23 427 962 484 quindam uiri sint fuit terra lla ei assingaunta in dicte ut illam que eam contiungum de liber tonmune quod fuit
29 460 968 521 predicti Colemeanani uiri sui Dne dict quod idem Colomamus de Faliund est Hiaries predicto docis sune Ita quro oi¬
27 498 975 557 alius perinentiis snei implaticarot tenetum ei haranti zare Et predictus eolemamus le Faliund nono paosint hoc
27 547 962 607 delitere et He conuns ost ero predicti Iulis Ine sine die eobhes predicta Talomamus quo ad Hoc nill capiat per
29 587 1000 657 Sllami istam et git in mna pro llo clamiao et predictus Willelmus et omnes alia dicunt quod predictus eolemanius humiste¬
33 636 984 692 tuleit Absatem istraorum qu dimunc quod predicus clemanus annclulis ipsius galemanm ono oberit seis de predicti tenemen¬
32 680 992 736 dimuint Domini quod dae eolomanum per lorgum comsura ante matem suam tenementu illa dedit et concessit cumenrtam Colemanu¬
27 722 966 784 filio Suo quie fuit Dibe in dictis et pretea conent abla didit et concessit ipasti Willelus talis prenominitis Et de Hoc
31 765 217 819 foueit ee super assasum
21 790 976 851 Iure domini qo predcte clmani amiclis prediti Glemani de cuas morte assi artanem est abut temines in
32 837 1001 894 dominico suo nt de feodo de omnibus predictis tenementis et prater tomnum Et qui predicto Colemanus le Foliund pro inquiorle et
29 885 962 940 emuo est Et Io comnunes est quod predictus colmamus roct seculdonm suam et villi coterel et omnes anii
