982 606
18 0 943 48 Sallam uenerie Eet siRobertus Eobet humiste et ce diferiae egidem de Crdinton de commuidia pasture suo in xton et
20 33 937 86 freston que pertinet ad liberaum tomtrum sumum in Roefod prete primam tc Et unde quam quod dictus cnim de commincia pasture sue
17 77 951 135 de quadam gora que conturur quadraginta acre in qua solebat bestre commnam tanquam pertinent ad liberaum tenementum sunum in eadem
13 110 955 166 uilla per totum annum ad omnimoda aueria suta quondam dom Robertis ei deferciant pasturam ilam et ilire quem ud
20 145 922 218 habere debeat communam pasture sue in quidam qulnoto quod contunrum quinque acras ad omnimoda aera sua pete
20 186 929 266 assiortata de Campio Rilneco illo adiacentibus predictos Robertus Sualnetum Alud inclundi fecit fossato et Hardus
22 229 385 282 promitcait ipsum aliquo tepore ab bitre comtmunam
14 264 948 324 et Robertus uneris et dict quod predictus Oxiduies humiste tulict assintam istam quiad dictit quod idem exidius nec aliquis acrem
18 315 942 361 quim predictum tenenertum de Befforde tenuerit qiquam aliqua commnam abi habeuint non habere debet nen tolec si de Grata uel permissis
20 355 762 395 et pro suo dendo scilicet pro arturis et Calinis dendis per annum Et debot ponuit te super affam
9 381 946 438 Dinr dicunt quod predictus Robertus dissent predictum Crditum de predicta communa pasture iutuste etea sancti bibere dicti Quna dictus
15 430 956 480 quod predictus Exidrus et omnes anessoris sui qui predictum terum de Besforde tenuerit semper communcare Soluent et del in
12 476 925 511 cum omiodis auerius suis per totum annum in predicta Mota Et Similier in predicto Lulueto pot bilada detampis de¬
11 507 958 570 Doulneto illi ediatentibus canquam pertinenties ad libraum tenemenum psoum de Frefford sine aliquo suo dendo et henc conra ast
12 550 605 605 vedius facei rerioti Surim it  a
