1023 778
2 0 986 102 Nirnt undei factus Eium unum gegum uigointi et ex adam terre septem acria racti cum pertinentis i udebirem sint liberam
5 60 970 134 Dene pertinenas ad ecclesiam de Durdebir ne Willelmus de Ros est Peroconera an laitum feodum Roberti de Furchoc
6 86 971 176 Willelmei Len Fanitn et Iobannus Aledonosham Domne predictis Robertis 1 acrus terre et septim acrias prati predicto Willto ex dicris
15 135 976 219 predictus Ibantes predictum Cogterum Dne tenunt Et Domini predictus Willelmus bict quod quindam ocbasis predecessorum sius quandam
4 172 996 272 vn Rociad' ibidem omnie fueit venete de pebicto tena et atro in dominico uno ut defeodo tsurritaram se Recirto amncii
24 221 903 311 testi et cut aimid ince pil ad ualente et c Et dit quod iaum obolus teneni illa alienduit etc
4 243 1002 361 cetrom diceram pro liti venerint et liberis Willelmus nokt ad Aulria predictum Robrtem qui dicen est et eoi duaf et An¬
10 299 1002 384 et Wicbert fui tent quamde Bil' d e voaris liocet adi diarius E iuisstrisfet saletem de Harrtore et sobio
27 330 977 425 Paicentie ulsre Riceret ad Kel predictum Rolnms slict eo de nartis g sts ablis sancti Billaris pro liem conrer
27 370 999 475 poestere de dagi ibbrdi dioo boedi predictus Domitum et dicit tostallum unum s ipse Reginum quod sut venerius pci pret¬
37 418 990 508 festum conuerstionis Sancti Pidilis Fosteds od diem illum uen predictus Ramonius et eos wiarius Ed dict quod predicti tenemerta¬
35 451 991 551 nosn stcti Abbatas clamionis pertinenes ad predictum cclesiam qua dicit quod predictus obatus nec aliquis predecessorum euorum uquaam
33 496 997 596 fuit Dine in sceis unt de liberas alemosina pertinente ad predictam ecclesiam dictis emium quod nichil bine bbunct is
46 557 918 631 redditum prouenientem de predicto tenmento Ra presinabis Don habuit in dominico Et de Boc pouit Se super Domine
37 599 1002 672 Iine dict quod predicte teremerita sunt libera aelecmosina pertinens ad predictam ecclesiam de Dudebare et eis laceanam
40 660 921 717 feodum predicti Ranu et bonco confide est quod predictus Willelmus de Bs fect secimam sutam Et quod predictus
42 686 777 777 Robertus Willelms et Ieberto Lomine de terra predicti Bamani ad valernt et Tamnium in nun¬
