967 597
15 16 924 69 Sampgro de Wuillogh Simone fuit ad pospondam Margerie de Lass de placto quod reddat ei Indriam filium et
22 62 918 105 herdem Nicole de WUillilegh curius custodia ad eam partin eo quod predictus Nicolatus per seruicium glicare ete et
26 80 929 143 unde predicte gargerit per Itiatis somnuem quem quod cum fruderis g icolitis rostre predicti Andree de ea ceneret tenenmentur suum
26 125 937 188 in Kusebir per seruicium feodi dimidii cilicet Scilicet ai Stuchpium domini R xx solidos quando erenisset x solio Et od
27 159 924 220 plus plus et ad minus minum la quod predicta gargere fuit sinctie de predictis scutagiis per manus predicti Nicaolis
21 198 924 252 die quo predictus Nicolieus fuici gortiune et unine et prate mortem ipsius Nicole fomine predicti forisei dnici
21 232 941 295 debenc predictus Frndrium filii treres ipsius Nicolis qui est inftea eudtem esse in custodia sua predicta Bnrgis
22 264 920 331 cemper potr impatem psus Ncolie eideunt et redde condicit predictum Andraum uene dict quod decerorata est et doamunum
9 322 292 372 lcer ad balent dicte libre et c
11 332 936 404 Et Himpe unc et uocatu ad Barum Iobannem de Shothmnde qui don et ei wiarie et uocat ad war Iohanne
13 378 944 436 fil Alani qui precen est et eibar Et dict quod predicta Margeria nhi climare posurt in maricagio predicti
9 412 931 482 Andrete E uud dicts quod predictus Nicdeliatus fati predicti Andret per quinque annos dinem mortem suam maricauit
12 449 927 510 ipsum Andrem tudam Filie Ualem de Hugeford qui presens est in fumius de predicto herede et fecit Indem
14 482 952 545 de tunc predictus Nicolles de Wuillg pstr ipsius Andrem in uica sua maritanit ipsum Andrem sicut ei bene linc
454 519 954 593 Iitagio predicti Berdis Et Suhoc non sufficiatone dice aliud
