955 588
10 0 939 71 Aucla s i gr esdem dat unam on pro lace Cncorda cum Iacobo de audele de pl Ehemini per pel psis Dactobus
10 40 133 85 et Romnus E r
2 50 925 107 Rbatis de Sh unam suit ad repondam Eliue filie Ricadi Eadigani de Pl quod tenenat conuencione factam inter psum
10 101 928 152 Ehyam et Hgonias de Cay patone predicti Roberti cuius hertos ipse est de uno cenes et dimidia iegata terre cum pertinenti
8 149 935 189 in Martona et une predictus Elyde quem quod cum predictus Rego psi ipsius Roberti cuius bebes ipse est dimisisset predictam
8 184 938 237 terram et oantos ad terminum decem annorum ita quod per dicissionem illam fuit ipse in cemsis per tres annos in uicta predicti Rigis
14 222 908 274 pastris sui predictus Robertus fatim pertr mortem ipsum eiecit de terra illa Ita quod septem Amntis earcoro ft de predicto
8 267 897 330 tino suo et unde dict quod deterioreltugs ost et dampnum hbet ad ualent contea solidos et bene prodixet sectam etc
2 306 894 358 Et predictus Robertus benic et defendom unii et uninerum quand etc Et petit e astendi silliquod Ractus scriptum uel
5 352 928 395 cartam uel aliquiod qurinuamntum per quod predictus Hugo psi suus ei dimitat predictam terram ad predictum terminum decem
5 394 937 451 Aannorum Et predictus Elias dict quod nichis Eeet de predicto Hugone de predicto termino non cartam ninc aliquod ceniuerntum is
2 425 927 484 dictum somium et offert domino rei Dimiem per ante quod inpuram per partiam et pre dictus Roberus pecit iudem debit nullo ostendis
5 477 911 538 uec caram noc aliquod Aaliud vnuenitum de predicto dimno nenc campler dictum soamtem ci de facto pratio seri possit potere ipsum
6 509 274 584 ad legenm uel admisnum prine et
