993 1240
17 0 977 56 Rile de Sarintall vesern pertnent fetri faurel Ridulpdum de Kicut terram partim terceptio dnarias areri
22 42 972 87 cam pertinentiis iu eiton inutuinere ut dotem prims Matilis ecris uene Willi de Cyton prims  pimogatilis fraumi docto
16 65 83 96 a t
6 78 988 145 Et str Radlous Ddomin quod non dbit In dotam hibere qued ducunt quod redicts Willelmus prum v predicto Matilli munquam fuit
10 116 987 174 ita susties de predicti trari quod pasem inde docare potuit huctenuni quod quindem fetri de Cyton pso predicti Willelmi de Eton'
6 152 988 199 coclere pratest abut secso vtoa predicta terra uone ipsimodo petunt terciam partem terce partis Et dimint quod dem Willelmo ftatuni
10 190 985 226 tormorteum ipis Petri patro sui dotant quam Alice uomimeem Petri inprpetum sai dt predicta terra parte une isi modo petunit
10 217 985 266 dton et deficuit pecdti Alici fuit uxor patris et predicta catillis ueoris filiis et predicta Alicie fuit dotata de predicta terra pertcontegr
4 244 991 294 et prlicta patillis etcera ut predictarum duarium pertinentii ita quod predicto Wilelis cum fuit Iuees de predictis duabus partinibus queti re¬
4 277 972 330 manciunt nnono depedita tercra parte nisi in tenento quousque inde docessit predictam lilacam iomreuum suam peter Iudem si predicti
10 304 970 373 watill non possuit doitem de doteerigere Et predicti Valter e Matilli non possunt let dedite Ionc cons estquodm predicti srit
5 331 773 391 Recatri Iu Iuedic Et peditus Walterus eantiulli nobis cuapurper dorre istendum et sitei imenamruem Foclamie
9 384 969 445 Iur xxui ad conucendum xii Uenri reter Si Galfrido de Fynlegh Reynuer Lekus Ricardo de Pynkeleghe Ecle Rectas
15 423 987 484 Iuiuste cecia issesus Rolldi Oyukeleg' de libero tento suo in Fynkeley p prict et une quad quod disseis um Auobus
10 462 982 515 pertibus manerum de Pynkelegh cumpertinenus exceptes sex acras terre t cape negis et domini predicto Willmus quan quod iurei isse nouem dsses
16 502 963 551 que fue suum fuit capta coram g de Bauton sustur ad hec assignato filatm inde fetero sacre oqud diterunt quod predicto
16 525 960 608 Galfrido ali no disseg predictum illtus qer minquem fuit indeire bic enui quod Willelus de Pynkeley psi psius Willelmi pri Legi
17 563 970 640 puirius dane mortum suam feoffunt ipsum de peddia terra ipsum Iuplenarie seius posint Ita quod idem Willelis fuit Iupicr¬
21 596 974 692 fis re lmaorus sui campui nocim ipris ilis et roerte camplino quoias prdi fi ali
20 630 210 683 sne iuistecieternt ec
21 679 963 750 Et Galfris culieni veneris et Gulfis responeri pr sec pro omnibus aliis edicit quod prefati Iures uoni Iuris p dict qrd prdcis Willm
21 708 963 779 de Pyrnkelegh pr predciti Willeli fimiliter fuit pe suns Rcqudi idem Willelmus huit duas heter Et depima uxoam protunt
15 738 963 807 ipsiu calfridi quiest filii eius antenatis there Ede scede ueor sua genit predictum Willelmum Et henecynoscit
15 768 969 847 quod queam preletactio facta fuit inter predictum Willelmu praem ipsoum et predictum Willelmum filius sum quod feoffare psoum illum
18 812 965 882 de predicta terra et peueraquendam cartam et sine fecit de feoffamento sx dicit prodiuimuam se dimisit de predicta terra
15 844 964 912 nut statum sumu mutteanit sunc semper fuit fne in contima secs esum abut secine redmortem ipsius Willelmi
21 863 953 939 Intravit idem Galfridi in feisi predicte terre ut filisinis antenat ethere et quod illam aliam disseis ei inde f¬
21 912 954 974 petur uratam Et Iurius ueneri elxidem dicuit super sacram Et bene dicunt quod suris prioris asse bene Iurauerit Et so
21 952 947 1024 conies stquod peditis Galutis Id quitus Et predacus Glimbit qum pro supite stum et sit in mnam pro falio Clamim
18 969 228 1020 e comitatius gabis
15 1010 952 1090 Ena que fuit uentre Barun de Pesenhale pater ner priorem de Wenlak tercam partem unium Foket terretum per
22 1037 389 1094 tum in Pasffihal ut dotem suam etc
25 1071 958 1138 Et prico Ueneris dicit quod predicta Eua non debet sne doctes habere qued dicit quod predictus Barinus quondam uir ipsius
18 1112 952 1183 Euc tenuit predictam terram in uillenagiumm taunino libere ci de loc pouit se super patram Et Eua similiter ro frat
17 1151 950 1227 Inde sure postea cent predit pre qud go in de nen pardictam Suam Ecipamobent et fuint quirem scripi
21 1178 286 1237 plsi depe minam puper est
