974 785
12 1 558 67 argteris que fuit uxr Rogis de Astone pateri uersus Iornordum de Co¬
585 6 666 76 tliam per
685 8 769 70 in dimidum
782 25 942 80 rost trre quatuoraqe
14 54 942 107 cum pertinentiis Iu astona Et nec Rogerum filium Ricardi terciam partem quatuordecim acra terre e duaria acrae paticum pertiner in eadem
19 82 933 128 vill Et ne Seplanum de aston teriam partem sexacramterre cum pertinentiis ineadem uilla Et ner Ricardus fero terciam partem
14 104 556 156 1 acre trecqumacram praticum pertin in cadem uilla Et un
606 117 665 170 fage
682 121 942 174 somis uenti terciam partitum dimi vuiri
14 145 949 202 terrecum pertinem ficdem ulla at sobuem de Aundal terram petednaram acram prati cum pertinentiis neadem uilla et
13 171 957 232 versus Ricardus de Hybun terram partenbus vira terrecum pertinent exceptio 2t acre cum pertinentiis In Fircouilelde et ill
13 209 953 247 Willelmum filii Hugis Heylini de Brauilake Sibill' uxr eius terciam partem unius Nebenius acras trrecum partu in eadm
11 240 949 288 vill Et ver Roganum filium Henrici teriam pertendim viris tr dnuaries acque tre evivis acram prati cum pertinentiis In ead uillium
9 269 947 329 Et ver vm Denheubyc terram parte quantuor acram terre cum pertinentiis in eadem vill Et nec Robertus de Hertteriamperti
9 300 681 352 quinque solidos quatuor denaris reditum pertine sn Blytepon oley utdotem suam etc
14 334 942 392 Et yornordam omnes alii uen Et omnies prater predictum Ricards Prigsis uetrus ad war Iohannem filim Petri inpote heredus pedicti
14 365 942 436 Rogeri de aston qundam viri ipsius Margarie quiest infra etatem tucustod Elhmii Crlet per cartas predicti Rogeri
14 395 949 481 quas proferunt de feoffamento predictarum terrapum etenementorum lon custor suum quod sit ic in crastino pura bt Marie tuc
279 424 393 455 pest duem siicteum
16 421 329 473 hibent predictrum Iohannem ad warum t er
544 453 611 494 cartarum
16 446 938 533 Et predicto Rics pagrie dicit quod de terra uersus eum petta non debet ipsi dotem habere quedict quod predictus Rogero quandambii
25 488 936 559 ipsius Margare die quo hiabeam despnsavt ut unquam postea tenuit predictam cerram in feodo ita quom ipsam inde ¬
20 523 936 601 care potuit Dictenuni quod idem Rogeros perlogum tempr ante mortem suam feoffavit quandam Waltem lt Sinonei
21 549 936 628 de ea terra quinde ebut seiam et promorem ipsius Willelti feiis predicto Rogero predictam terram in manu sua roviere tusturar¬
18 596 929 662 quod nunqui aliquid habuit in predicta tramsi ronecustodecum heredbus prediti Willi pount se super patram tararm
28 609 245 658 similiter id fiat inde Iura
30 643 742 706 Iur dicunt quod predictus Regis quandam uiripsius Margtire non tenuit predictam terram in feodo
820 668 897 715 in destcus
29 677 898 736 necunquam postea ete dicanti quod per dimidia nnum anem mortem suam dedit idem Rogers predictam terram predicto Willemi eclmonit
26 718 794 773 nostum inde in plenare des posit Et ide conc est quod predictus Willelus fagenere sine die et predicta parta
815 726 890 773 Micli capur
21 738 784 784 Bart studo et sit in nnam pro flo clamiai
