995 606
114 0 203 28 I
11 0 963 67 Ricardo Huresete catabie fuit ad respondam Ricardo filis Roberti de Chystone de pilio quara ptsmill cum aliis eneris ad pestum
10 30 953 102 ipsius Ricardo fili Roberti In Keldewrth et vonerito suo in codem bosco sinventio vebaverit maletratauernt et mndere
12 75 547 128 miuni prefati Ricards ibei abstulit asportanit contra pacem etc
17 88 959 156 Et Ricardus de Barelegh uenit et dfendium uni inui quand etc ebene dicit quod predicts boscus Inquo predicta tansgra feri
19 134 948 193 dunit est boscus prius Ricardi de Faurlegha Et beni dict quod denit ibi t nuenit abiquasdam arborum prestritadis et
16 168 569 222 illas cariare et asspirtare fictat sicut alberem licuit de bosco suo proprio
24 182 868 252 Et Ricari filius abeti dicit quod predictus boscis est boscis sunus proprius nt n boscus predicti Ricardi de Harleghi
24 235 975 293 buist ver de consensu pertium petuit quod ficit pamibullatio inter vostum predicti Ricardo filio Roberti et boscum bostum
27 268 965 309 predicti Ricardo de Barleyh Et Ricardo de Barlegh offert domino 2 90 s per sic quod predicta paubulatio fiat Et recipris sanco
23 300 969 350 peptum est vicert quod assuimpties secum xii legalibus militibus de visuetar de Hairle de Cliston Iu proria persona ac
24 333 984 378 ceit ad predictum bistum de Keldewrth' per corum sucuaorum feri faciris parmnbilonem inter boscum predicti Ricardi de Cliston' In clri
22 362 965 408 tonetum etboscum predicti Ricardi de Barelegha In Harelegh Ito quod painbulatio illa fiat pro cerap metas et dimisatas Et per
24 391 971 430 aubulacionem illam stire facart huc die sabbati proxtem prot festum pura be garie per quatuormiliter etca fosteta antem diem
22 426 977 461 illum vel edom de Hidenet Stephano de Lauurerlegh' Petr de Tuneton Willelmo de Leychton quatuormiliter quinter
19 458 991 504 fuerit pedite prombulacione Eui dicunt quod pamibulatio illa incip uel austrum a terra prioris In Keulok Iinter ostum
16 489 969 523 campum sactem sepem usque ad viriderm fepur magnum alium facta quod Ricaris fataras cerem et uoluerit ab alio per partien
22 522 984 578 illiuct bosci usqpue adm viridem quartum demde petedit per medam mariscum tboscum usque adeltam quartum et uicusque
24 561 605 605 ardaliam quartum abbam
