997 1289
19 0 959 45 etrdin d urg counfuit ad refondas ilbei filio Hrgornie de Boraoha Lici de fiacto quod Niciurt et comine et
19 28 978 86 facto Fervicia que eo facere deket de Biberto comine site quod de eontenet in Rogera notim Romagis red et quio t clee
17 69 972 129 predicto Roiberto qulle quod anni de Crteneat quartam partam fodi uinius silice cum pertinentis in predicta uilllam ia quod fomine pedicti
19 100 966 166 Firai se libars et faueri elios Honhermum et Silie e redde debeat de Filito cenenio goginti uol reds et minum qo quod
17 137 979 214 predict arpo si omnio qure tores irstre esd suis sencnes de fedis servicio teo tupsore suo in dominco cononit de fodo
11 172 977 246 et iure gratie domini pe nunt pro mlus ipsius Bortum Eet de ipso Rugonis Seni huo predictus Sermiciore ipsi Iobanni intl
13 212 970 283 ono etlerduo Dcnus bertinus semper reta maco sdceri Hugonis et decunt teradde condicit prdicta dermicia et
11 254 634 325 cmns une dic pro deternat est et amrum liet ad bibent dicem librea
6 295 981 363 Et fier termins vonic et defendit uuni et Diunium quando etca Et bne defoendum quod uillum tenment tenet de predicto Iohanne
15 342 969 397 nec aliquod tenementum de eo tenere clamet Inno dicti quod tenet predictum tentum suum de quodam Robane d Ficheforde qui
12 379 953 426 est in cees de Honige t termincio suo de eodem tonu et he cns est quod predictus Rertimus bene sure die
16 411 963 499 Et quod predicto Iohannes nobis apsoat pr he studet cit Iin nenum peo bobo clmis Et peruris et pr here de recto
16 456 444 530 nic predictum Bertumnum de pre dicto tenemento si voluerict
7 488 956 562 Ahonem de Foutehrne et quict uxo enos petent nuer Prlbicum de Sekebre terdam partem uxgonia cl rede et tridam partem¬
16 545 953 592 uinus fectoralis trr cum pertinenti oblde et tlriam partem decem solidos redis cum pertinentiis in Pockebir et teriam cico
17 581 977 643 M colis reditis cum prtinentiis is olctione in dictem sudam tece Et de quaro Iohanneo de Bekebir primo uixr pstus Sicet patam
19 614 424 686 decedunt ad tostum Ecclesie quanm psam deponamt
16 641 965 717 Et filis hene et dicum quod iostra n dabet Dne docem habere Cuntua dice quod noso asit qunquamam fuit predicto Iohanni de Feckebine
17 697 960 760 legitimo motimonio copulaca Et predicti Chmtus et aliuo dimini quod ipsa filicdum fuit uxori predicti Iohannis Lexcumna et Infacie
16 739 955 790 ecclesie a colempnitr despnedad et legitimo satmonio s opulata Et hoc ofernt Uerificare per Auncquisis fraties
16 770 435 830 et oferit domino x dicti miche pro su quod inpurtam per preciam
668 784 861 853 Wabbeto de Sehlm
28 817 817 892 Fostea conuet sunt et Pilliis Dat unam Marte plici concosdim peo pele ipsius Thomas Et hominc Exr
17 874 965 959 Robi Eomet de Banftorde daci limami nd plicio contori cancm Ballerus de chintone Abeto Rdeito dicardo et Haglelno
28 918 665 978 ft eius de pl conuencione per pele ipsroe Ricardi Roberto Radulphi et Willelmi Ethenc Eri
15 952 963 1024 Asassa Uone sacus Oidieris de Sauncone Racgore psti Willelmi de Scauntone loce fuit sancines in dominico suo et de uino
23 1010 952 1066 mesuagia et una froka terre cum pertinentiis Ii Suntone laciat die que obit etc E si et domni Willelmus de ugare
27 1033 952 1105 unum ges et Robertus filius Roberti unam Nokam terre bne tenent eui venrunt et Willelmus uodt ad Warum
28 1077 961 1137 predictum Radulphum qui presens est et ei biariis et resondas de toto Et uocat ad uuarium Rogiestrum de Scduntone qui
32 1101 852 1164 petene est et diti quod non bect diem ad Hariem benu atus est ei dies in GCrastino Puri Re gar
28 1153 963 1200 fostea ad dicum illum ueni predictus Rogero te bar Roter ad war Galfrido de Gyrenville Matilli Uxerenis et Nicholas filit the
28 1185 963 1234 edem Margeriae de Lag quiest infra eatem crucustone Iohannis de verdin per Carcam Gilberti de Lacyx¬
25 1206 997 1288 predicte Matalais cam politi ficiis cunic heredibus ipsi fuit quam per fort de ftofamento sint predicta Loqiela renei
13 1234 137 1282 adccate etc
