974 578
2 0 943 46 Irusst uenri pot si Abbas de Lilleshille uniste eti Diminus Hmone le Finge de RLibero tenemaro ouo Iub rocbe
15 47 785 93 U than prat primam etc et uende quem quod diceus enium de duobus perticatis terre et dimidiam cum pertinentiis per locda
7 54 912 133 et Abbas uonit et dicito quod predictus Hamo Iuiste tulict assinam istam Quua dict quod predictum tenementum de quo quidem et quod
9 113 928 161 posuit in uisi suo est in Langodei tano inarokebrthyn prete dict Licec coe Alud es in Wokestrhn affra
6 144 933 200 Ddimino debet Donine fieri s teneltis ei bamna hoc respondit Euna dict quo manegium de Wrokewrbhen est anc quandum diuct um
9 183 934 232 domini p Cauisum pretrta dict quod sialiqua dictus eisbem facta fuit fuit facta epstoe cundam predecessoris sui tonno tempore
7 211 941 273 suo ac emnie quod terra illa de qua quem est quedam diuisa inter terras ipsor Hamonis et abbatis et dicitis quod semper terram
8 250 751 306 illam medum facti cenuit in quo fuit termpstre predictos sui Et dehoc ponit se super albam
2 276 925 351 et Hano bene Eoni quod predictum Qanesrium est duciquendum dominicum domini P soc dictus quod ab hoc non debet predicta assisam
13 316 930 391 rondnere Quiusd dict quod lobannes le Etrange po sunis tenet predictum Cauerium de domino r in Capite et quod idem
5 358 923 438 Ibeas fofiauit ipsum de predicta terra siilis cum aliis terris quas tenet in eodm manero per cartam et quod predictum
7 406 735 459 ton est in Wirokebrthyn et quod idem abbas tipsum Dne disseti ponit Recuper assanam
7 420 934 492 Dr diunc quod predictus Abbas non dissectie predictum Hamonem de predicto tenemento cuia dict quod predictus abbas semper prater
9 472 951 527 mortem predicte sui tenuit tomme illud in eodem facu in quo fuit teripctre predicti predecessorie sui et heo comnc est quod
252 504 917 576 Et quod predictus Hano hic apitic per assanatam istam et cuiprolo cami
15 520 577 577 inde quitue et pro prt
