983 638
12 0 949 54 Et Ualterus une et defandam uni et dominum quand etc et potet abd ipso Iohanne si bebrt aliquando Cartam uel gimilicam
12 44 948 90 pet quod clomat uestre predictam ballitum uel siceneit aliquod tenetio ad quod clameit ballam illam pertinere et predictus
13 79 940 130 Iohannes dict quod illam bet Dn Cartam n gniuerntit ic aliquoda tenes tenementom ad quod clamac pertinere balliam illam
15 122 933 172 sit dictm quod omnes antecessores sin a crasre a quo non exat memora fuerint in sumias de balla illa ut de feodo et
20 155 936 206 Iure Et siliter adem Abbats toto tepore suo preter motem Pibii patris sui qui bne obut sonueitam sint in eo deolem
15 198 943 245 tallia usque ham quinque anne Epos quod predictus Rabltus e defect predictam balltum et quod ipse et omnes dominices
709 228 790 261 calugre
14 231 940 292 laogro sui fuerint In Sctios de Balla illa no de Roblo et Bure oftiao domino r I t Et precicis uabtetus preterse
15 276 921 330 petit Iudem deunt idam Iobannis ullam uct cartam uel cumentum de predica ualla nec aliquod tenementa ad quo d
21 305 928 359 Dimidet peouere alutem illam Srpossit idam Iohannes Ualiquis aliquis antent sunoram una Thoris Anlelicto de
20 346 948 402 uilla illo nisi de Erta et permissione ipsius Walteri et ad uoluntatem suam et sunco de iure Ricards somini aod quideam
15 376 923 439 Rigeris de Nogelowie qui tenet tenementum ad quod predicta ballam partin est in comio de predicta balliam ex
18 429 929 476 dono et fofamerto domini re qui predictum tenentum simili cum predicta balliao dedit et concessi eidem Rego domini predicta
15 464 933 512 Willmo fuit In mam sua teqre predicto Abas nullam Et cartam per quanm apse nec aliquis antecessoru suorum
15 506 943 546 foffarctio esstes per predictum sualitonum uel aliquo attent suorum de predicto bellia nec potest ostendos quod tenet aliquiod
15 535 933 610 tenementis ad quod Willetum ila pertineat Domino est qued predinnis Waltrius Domine sine die Et quod predictus Robantus ibia clamare
18 572 637 637 facto in Deta Willemi et ocet ini meris puo hanis ais ca
