985 840
26 0 977 56 sassirentrt cilbellmos de Gardino simiste c iaicirirum Albai Malorie de Liberto tenerto suo in Rode ro ptuim
29 35 495 98 ec Et bene quand quod discis cum de quinquaginta acra terre
5 65 967 124 e Et Willuo novoene fuit atachis per Ricardus de Wdictke Willetum de Longeleg Io iues in nam caa fci¬
0 111 980 161 nam verl eum per defaltam et Willelmo filios Mauricii de Pullegh unic retero non vnerist ininaa pista unrium malillim tene
29 149 980 199 predicti Willelus et responerit pro e canquam billa sua Etr dicit quod predicto Willelmus vir funt nise disseis predictum Albatem dt predicto tenet
21 187 976 224 Qud dicit quod quidem Willelmos Krumel teuint aliquo turre predictam terram de domino rernicapit sdicut quod dembil
24 211 978 266 fect quandam felomavi pro qua utlagiro fuit ita quode per felomam illam revertebatar terra illa ad ipsium domini Regis unquasi
22 242 860 292 escaeta qua Et idem dominis Rex postea feoffunt inde predictum Willelmum virum simm per cartam suam et
878 248 978 303 Rrgatis loriais
16 277 978 342 que testatur quod dem dominus Rex dedit concessit eidem Willelmo oniues terras tenementa que fuerit predicti Willelmi Burici
20 329 980 375 quetunt de domino re incapite eque dencinuit In manum ciusdem domini ric anquim stieta fuarione predito flome
20 351 542 409 Et quod illam aliam dissers et inde feterat peunt st super assanam
15 368 978 440 et Abbas bene cogno sit quod predictus Wilelmus Burnel qui facerat predictam folonam tenuit quadam terras tentunita de
16 425 976 475 domino re per sranciam Sancti be dicit quod non tenit predictam terram de quondem abbas modo quad de ipso domino re uio de
17 459 980 504 ipso Abbate Et dicit quod postqam predicto Willelmuo Burnel fiterat predictam felomam secitia dominus rex inmanui suam tam terram
17 487 963 533 illam que fuit de feodo suo graione eschiato quam predictam terram de qua modo quara racione nni et basti que domno Reg¬
16 521 980 576 he communtm percoram Anglie de terris omni felavum de cuiuscumque feodoterre ille fuit E dicit quod elapso amnie diexum pri
17 554 969 605 dictam felomami adut idem Abbas curia domini Regis et tetut predictam terram grestitui anquam esceraectam suam ea ratione quam
11 586 978 639 predicto Willelmo Burnel teram illam de totenuit eo quod habuit snde be diratum vict de inquiftione ficut meorum est In curia
5 611 978 666 domini re Et postranm constat domino que per pedictam inquis quod predicta terra excaterit inmanum suam per unum annum unum de
10 650 980 702 et amplius et quod eadem terra est de feodo ipsius Albatis illam reddidit idem abbas ut sus eschaetiam suam et habuit bei domini
11 678 969 738 Regis dircitum vicue Malepi scilicet K de Grendon tunc vitet quod ipsi de predicta terra in plenarie secidie porlet qui ipsium indem
10 708 961 770 Plenarie sanctis posuit et intalioeis extt per dimidiam mum campliuo quousque placiunt domino Regi ftoftare predictum Willelmu
6 743 978 794 de Eardins de predictiestaeta sudis scilicet de terri teena que pedictus Willelmos Furnel de eoteunit incaipite Etunc idem Willelmus
11 767 964 839 de garding octasione predicti feofamenti ccupanit s predictam terram ipsum Albatem inde disses Et quod ite sit ponit st
38 797 104 833 et abbtum
