992 621
39 5 969 69 sur dicunt quod predicta terra est defeodo predicti Abbatis et quod predictus Willelmo Burnel illam de totenmuit noo de domino re Et domini
19 23 978 101 tratre quando predictus Wileli ftrat predictam felomami socifinit dominus rermmanium suam omnem terras tenementa ipsius Willelmi scilicetam p
19 58 973 130 dictam terram qut est dt feodo predicti Abbatis ratione auni rasti quam alias terras tenquitaeunt de domino re incipite raione terci¬
16 84 984 153 cct ui Et diunt quod pos annum et diem elapfos predictus abbas non statim perquisunt s nen susdum x de habeunda seis predictie
16 113 971 182 terre ut de escacta sua toqud tunc ppr non fuit aliquis cortus abbas imimo contencio fuit inter istum abtatem et quendam
19 154 978 224 alium quem epxsce Cestrenfri prefetat Abbatem Malepirum Et diminit quod postea in processu temporis dominis Rex dedit omnes terris
17 187 982 241 cicenta que fuerit predicti Willelmi Burna in predictis Willelmi de Kodltgh Langelggh Hothal cuidam Elye de Eleingham
13 211 975 283 ad terminum vite sue silicet am predictam terram quam predictus Albas modo querene quam alias terras suas et quadicindem aAbbas nec
16 251 971 321 aliquis alius aliquid iuris ad huictunc vendicabat in predicta terra Et dimint quod postimetem predicti Elhe revertebatur
18 282 973 356 predicta terram manum domini r Et tuncprimo uenit predictus Abbas ad ipsum domini Reges et petut predictam terram srestitui predictum
17 318 957 381 terram restitui tanquam eschartam suam ita quod primo impetut quasidam literas de inquis sicut predictum est Et
17 353 973 416 posta ex quo domini Rex accepit per inquificionem illam quoed predicta tera est de feodo ipsius Abbas reddidit ed alb¬
17 388 978 445 predictam terram Ita quid idem abbas optiunit brem domini Regis dircitum vit de habenda seiea suam de predicta terra per quodam
12 423 969 475 posituo fuit fnde in plenarie decitdos per ballo eidem vict Et quod em sua pacificusugest circitum per dimidiam annum sacta
12 449 967 508 quod proesternere fecit plecet arbor in quodam alueto quod est de eadem terra et herbam similiter in codem alneto falcare ft¬
16 491 965 554 et ocare Et dimunt quod domius rex poste dedit poncessit predictam escaetam quam predicto Wilelmi de Gardins in fodo
11 521 959 587 Et idem Willelmo ccessione illius donacionis predictum Abbatem de predicta terracietit undunt quod disscis eum de predicto tenerto In
0 533 893 615 et iuste etera sicut bere ict Et sdeo tuicu est quod predictus Abbas retera seism suam per visum reter et Willelmus in va¬
