1001 983
10 0 978 52 Idem Serice smnium fuit ad rospondam eidem Nuolies de platio quod permittat ipsum habere communam paste sue nesionae
17 45 979 104 qudm Hibere debec et salet etc et domini quaem quod cum barere dibet et solut commundam pasture in duobus boscis pipiis
17 72 949 132 Parioris in predicta ulla scilicet Sublee et ei node ad omnimoda ancria sua persinctum dominum anquam pertinente ad
17 107 968 164 libertum tenementum sumum quod cent de liberam elomosina pertinente ad predictam ecclesiam Ita quod omnes antcente qui percone predicte
18 150 970 214 ecclesie tot epsore suo fuerit in Tuero de predicta communia in predictis boscis et silt idem Nicolaeis coco epestre ho fuit Iin
22 194 968 248 eadam comisis de predicta communa in eisdem boscis ut de iure pertinente ad predictam ecclesiam quam quonbus predictus perior
24 239 950 296 sam dicte toto ann oapenis ei deforcianit et brere non permisit predictam communem Undedit quod debioratus ost
24 275 366 333 et dampnum t ad ualent contum sol¬s
18 298 953 363 Et Parior bene et defondam unu et binurum quanum etc et bene defendu quod minguam predictus Roblto villa estnera noc aliquando
19 351 949 402 commuam pasccare in predictis bacis suis cangle pertinentia ad liberaum tanementm sumum quod tenet de feodo predicte ecclesio sue
24 396 959 438 hbabere debet nec solec nec aliquis aucient quorum ibidinga biunt set reuera dicti quod quideam Stephanus de Hope patronis
24 427 959 479 acte sabute sam uiginti et quinque annis elapgis ipsum dissbonis de predictis boscis simili cum alia terra qua tenet In
58 461 958 520 predicta Uilla et bolcos lbe siuili caum predicta terra tenuit In tan sua per ple annos quouque idem prior
19 506 952 548 eqingsuint quodam bre asset noue dissio uel cuni de eodem tonement pr quam idem Farior recuperanit Dne soism
29 543 971 593 suam Dene dict quod bene eedit quod predictus saptlus domini tenuit predictos boscos et predictam terram in oam sua permitenm
31 583 968 634 ipsum Nicole beretre estuorium suum et predictam communam in boscis illis set quod idem Nicolae noc aliqis autet uure
36 616 977 663 Angue fuit Iin sanctios de Baemndo predicta Ostoneridi sud noc predictam communam in predictis boscis suis ut dlure perti¬
29 651 970 696 nence ad predictam ecclesiam suam vi tarre que predictus ferhueus tenuit lida tonmen vel de gra tmissione
34 689 528 744 ipsis priorie ponit se super pastram et Ficol silitet
27 708 962 791 Iur dicunt quod predictus Ncolis noc liquis annes suorum unguam fuit In sgensis de predictos babendo aliqua estoueria
27 768 944 831 In predicto bose predicti Priore de Eeywode nnc lias aliqua commnam pasture in predictis boscis ipsius Frieis
24 811 954 873 de Cuarthhiec et Est fode duga parteni ad liberum tenementum suum quod tenet de liberam elemosina predicte Ecclesie sue In
27 848 954 907 Rye bulers ut tepore qui predictus Stephanus de Hope quindam poadcimus predicte ecclesie tenuit predictos boscos cuilis
25 883 961 950 cum alida terra per predictam dissegiam in xanm sua noc aliqua commnam noc aliqua esteneria in boscis illis be
28 925 982 982 dales Et  tons Est quod predictus priora iue oe ero foctor cmmut
260 925 320 978 dcnus pr¬
203 927 982 982 et quod predictus fordnem sine die et ticot inmtu perti
595 936 982 982 nam prodndum per usti
