996 1138
0 0 85 32 o
1 0 970 72 Gillertus filius Henrico Maning peteru Williudel punt quartam partem unium viriam terre cumperpitenum In Nylehorth et
12 31 983 98 Iuo simm ca Et unde quindam Aylwynue ante sine fuit decis indominico suo ut defeode et iuraes tastre domini re quinc
15 59 970 131 est capu Iudeeple ad valencim etc Et deipo Hilwyno desteno snuo terre illu ciumnram Henricu ut fili heredus Et de
11 91 968 155 istri Henricui ist Galfridi qui nounic Petri ut filii thberes Et quod tale sit suo simm offertiali Et villus uene et dicit quodom
13 124 974 180 deketei inde respondem predict quod pedictus thylwynris de cuo scis narrat habuit duo filio Scilicet quandam Rablis ainteunatum
13 152 988 224 predictum Henricum partium ipsius Galfridi pro natunm et deficut illam fatarum mentionem in marratione sua de predicto Rabulpho peteriud
13 186 965 251 Et Galfrido dicit quod pedictus Hyillynns muinquam habuit aliquem filius de ux legitime desponsata isi tamene predictum Henric¬
12 234 834 287 vnde dicit quod fialiquem filium habet Robertui nostris hec contigt ex inprimonium fancta quod fistardus fuit
16 250 980 314 et Willelmus dicit quod pedictus Rillelmus fuit filio pedici Hilwyni de legitcimo iorimo natos et quod nonfuit bistardis Et de hoc
12 286 969 349 pont st super partram Et Gulfridus similli Et predictus Galfridi concedit quod fiacioninatur per pratriam quod predictus Mylkyn habuit
17 318 969 374 Alique filii de legitimo nostrimonio natum quod quittat clamaum sium de predecta terra imperpetuum Et predictos fillo concedit
18 352 979 401 quod si commucatur quod neo habuit quod predictus Galfridus rteroeis suam Et so preceptum est vic quod coram eo cera inpleno cominum
16 386 974 432 venire faroxii etc perqurect quinet et et perexci oligente inquirat inforua predicti tinquisitionem etc
20 421 959 476 scire fac a die fascha in treo septam apud Wenstimum per literas eteca produs etctra pranietr et concessum est huic inde etc
10 456 979 514 sassa Ueni reter si ad filiua Aluredi frater Walteri filii Alurede fuit des In dominico suo ut de feodo etca de unomei quarta parte
12 499 983 540 unium vuira terre tnaccriam prati cum pertinentiis In ytone die quoca t ic cudnes et quam terram et pratum Willelmus
16 531 991 581 boncitenet Oui veletdicit quod non delet ei fs respondem Quiddicit quod predictus Walterus uillaus est illum liberum
15 574 990 628 tenenum clamiui potet Et dicit quod predictus ad frater predicti Walteri non abut deis de predicto tenerto ut de feodo quoedicit quod nonte
10 605 633 636 nutit predictum tenementum infrad tinum vite sue Et de hec peuit se super assam
10 623 990 683 Iur dicunt quod pedictus ad frater predicti Walteriu non obt de predicto teneri t de ferdo quodicit quod per quatuor annos Donere
7 673 990 728 mortem suam dimisit se de predicto tenento Et uedo congest quod predictus Willelmus inde fueri die Et Walteri nchis apum per assanam istum
1 708 217 768 tisit in mna pro flo clamii
7 722 969 790 Salsam veni ret si Rogerus de Teise sumiste eta disses Regnus de Eyton de communa pesture sue im Cxtumnia que partanei
6 781 990 826 ad liberum temum suum in eadem uilla p pam ceccta Et buende quad quod dissesem de commuia fua in tribus acris bosci in quibus can¬
10 812 991 865 mnunitare silebit pertotum anium cumomimdis anrio suis quousque predicto Rogeri de Terse duas acra de predicto bosco afsar¬
17 844 965 889 tanit t in culturam redegit dimidiam acra et amplius In oloco carta quartam partem uinius acr in alio loc
13 869 672 927 niclusit herea tfossato quo mines ibi communicare possit aliquo terpore anni
16 901 974 958 Et Ricardo de Fetton Ricardo de Endetlabe Rogero filio Bar decidem Rogero de Langedun' Martinio de Burchton' Ricaro
18 942 979 1004 Gurdin Rogero filiuo Willelmi de Sanwrchin Ricardo de Stokegintatton Willelmo de Sepeltone Roberto de Wytton Iohanne e
25 960 954 1023 Bracy Rogers de Lexelton Ehrn Mankeysin Thoma Kalic reter eiusdem asse in vam quenoliant fadere visum
25 994 968 1057 Iuri diunt quod predictus Rogeis LeMrise disses predictum Rogerus Iimiste de Cyton de predicti communa in duabus acrus sumist et ureric
26 1028 958 1084 beredict Etude cens est quod predictus Rogero de Eytona reteri seis suam per visum ret et Rogerio deMorse Iin uiam Dunt tam
29 1063 952 1122 quod de resideno non assen enm Et fasto quo ad ho predictus Rogerio degerse inde sinedie et Rogero de Eytonsntchapo
260 1097 996 1137 a
16 1095 996 1137 ie assenam ista
