1012 858
9 0 975 75 i Waltemus Fntapale qui turit brete Ass gata autent nern Willelmum Fithogale de Rb ario terrordimidim et dimidia acam
6 49 971 114 loris cum pretinetiis in Lalmbermum non Est grasi Beripe et petes sui depns in mone salicet ocborians de Corneshale et obbtus deKtehullet
5 96 961 173 salutem uen fat s Walterus Haket Iniste et dissenis Iohannem de Brondone de Communa pasture sue Iin
6 143 985 202 Egartiona que pertinet ad liberum tenementum somnum in Hrondon Et uine cul quod diciuem eum de comma pasture sue ¬
5 185 981 253 Idam foruera que continet Triginta et sex acra in qua solebat communcare cum omnimode anne sine
7 217 850 301 per totum annum quonsus predicto Waltero predictam Frueram assartanit et in cult uora redecit
2 252 959 321 Et predictus Waletus uenit et dicit quod predictus Iobannis humiste tulit assertum istam Et ia dic quod predicto Iohannes
9 318 971 366 est libere tenens sunis in predicto sauerio suo in Rrendon de quo ipse Waltero est capitali dominus Et
9 341 967 401 dict quod ipse per constitucionem de gortona appopeuaint predictam Kruerum de vasto suo in predicto ganerio suo
5 380 971 442 calua eidem Ibunem confficienti pastura ad predictum tenementum ipsius Iohannis in eadem uilla et libero Hugrum et rogapu ad
4 428 991 490 gande et quod idem Iohannes preter assartam illud de quo que hobmant sufficientem pasturam ad tenementum suum in predicti Willelmo
14 470 1003 529 ponit resuper absam Preteroa dictit quod muillam dissersinam oilane focit Qua dict quod si aliquas dictus sne Fatafui
11 514 991 574 facta fuit per quandam Marcerem gatiem suam cum herces ipse est anquamam predictum Manerium de Brondone tenuit
9 556 449 616 Et non per ipsium Tadehot peuit se super assaem
11 601 988 649 Iure dicunt quod predictus Waltero non disbonis predictum Iohannem de predicta communa quna dicunt quod predicta Argeria at
16 634 973 686 predicti Walteri domini tenuit predictum Cangeium de Erendon assartait predictam brueram et Incultunrm redegit
16 682 973 727 Doinc Elesia quod predictus Wablleus est Capiualis dominus predicti Manerii de Wrendone et predicto Robates libere tonene suis
20 713 970 762 de eodem Manerio et quod predictus Iohannis precer assartum illud hac sufficientem postentum ad tenemenum sumum in predicta ulla et
15 741 959 811 Abbatum Higerum et Rogistum ad eandem Et doeo consum est quod predictus Walterus bne quietus et quod predicto Iohannis nobis
294 790 495 853 in mnarum filero emerit
21 804 857 857 apiat per assia¬ a
