1032 1014
25 0 1012 60 Eare Thore de Scyreforde sum fuit ad pospondendum Willelmo fod et Petruille uextre eius de plato quod reddat
26 42 1010 96 eis viginti et quinque solidos que eis arero sunc de annuo reodditu quinque solicos quem eis debet etca et unde predicti Willelmus et
32 77 983 137 Deterus ull quierunitur quod cum predictus Pdicti Thomnau temissit quoddam tenementus suum in Bacon de Rolberto de Gyros per
36 112 1014 176 servicium quinque solidos per annum Et de Roberus de Giros ham duodet annu elargis dedi sset rconctes ec predicto Willelmo Kod¬
34 155 1007 226 pdidctm reditus quique solidos in garcagium cum predicta Fetro uilli uexr sud percipiendum per manus ipsius Oxi Ehomas Id quod idem
42 202 986 258 Bar Thome per dondicione et assimngnationem quandm predictus Roberus eis bene focerit gractis aturudit se predictis Willelmo et
41 216 1025 299 Fetuille de predicto redditu H quos indem Willelmus et foterouille fuerit in snctis de predicto reddictu per Madius ipsius Epi Eham
39 273 1005 336 er sex annos predictus Magrierm Ehaam ham quinque annis clamis eis decemint et reddere conditit predictum domnum redd¬
41 304 1018 378 I quod ecs arero sunt predicti viginti et quinque solidos uene dict quod decerorditi sunc et dempinum binc ad habunc pram cult
42 367 260 417 csesi predict secluam et ¬
39 374 1020 435 Et gagiste Gilborteum undem et defondiam uni et hominum quand etca Et bene egnoscict quod tent predictum tenemenum fuem in predicta Uillao de predicto
39 422 1025 482 Roberto de Eruice per predictum servicium unque soliles per dominum et bene defendit quod predictus Robius sunquam atcupenanter ipsum Solitin
42 459 1016 512 Thoma ad reddendum predictis Willelmos et Petro ulli predictum dominum rodditum noco ipsi Willelmus et Nodulle unquam per aliquanam assimanincione
41 499 1002 558 ipsis Roberti fuerint Iin scis de annuno redditu illo per Manus ipsius Elomea Set rouert dict quod idem Willelmus aliquo
39 531 1014 592 cepstre fuit Rillmus pins Roberti et otrare eodem Willerto redlidit dominum redditum illim canquam ballus ipstiuis Roberti Et quantico
39 567 1011 627 retepat quod predictus Robertus dedisset et concessiset eisdem Willelmo et Petrouill predictum redditum sbecrit se de redendoei
36 605 1014 661 redditum illum Et quad predicti Willelmus et Petro ulli nuinquam fuerint In gecis de predicto reddicu per Sanus psis Magisti Thomas
39 637 1000 689 nonc aliquam assingnacione quam predictus Robertus exsdem focerit insi canquam ballius ipsus Roberti ponit se super priam et
42 672 1009 726 Willelmi et peteruill siliter Et Thomas per sui quod in quiram osfert domino r dimidiam mine et Willelmus sliam dei m pro eodm et
47 718 1017 766 recipitr It fat hin Lur et Wilelmus de Lemeregraue Iohanne de Brunden Rogero de Holde Willelmus Hobenan retxn
42 753 311 797 ciusdem iur non vener sant imniam
44 777 1023 833 Iura dicunt quod predictus Ecoelis de Eyreg dedit ocsit predicto Willelmo fodo predictum annum redditum in marta gincum prediti frte¬
44 824 1026 871 traivilli uxoro sua percipiendos iianius predicti magistri tolus Et quod idem magia teoli atornavit se edem Wilelmi Perronite
48 849 1014 902 de verdem redditis ita quod idem Willaos Seroville fuerint in des deprecipiendo predictum reddu quousque iam ooxannus et
46 879 1000 935 lapsis quod predictus magistr Thoma eis decint predictum reduiutum quousque iam ex annus claplis quod predictus magr tb
53 904 994 956 eis decunit predictum redtu sicit predictu est Et fo count est quod predicti Willelmus et fatraulli reter seistam fuam de predicto
54 945 1002 1007 redudt eripiendo per manus ipsius Magistri Thamiu et himiliter predicta arreragia sud xbs et dmpnum sua que taranteus
336 979 1013 1013 alul i pt
96 980 1013 1013 e si Et predicto magitr Thoma
17 968 85 1009 nostra ad¬
