951 799
5 0 935 68 Abbats de Salupeo petit d Heygonem filium Hugoninis unomi uperatam trerecum prteum ukMeartbhyn Et nics Wallatmum
13 54 910 115 cadgan dimidia iupram He cum prtero hn eademo villa ut suno cacto ecclesie curatei et Dmidno quindm Wpero
16 76 925 163 prdetessoum piro gilictem abbas solirorom fuit sanctes in dominico suo unt defodo et Lure eistre Rxgis Iobantis pratris domini
13 119 815 203 rger sunc apquendam bene Mvl ad valeit at Et quod tale sit suo urm eteclie sue ofento rel¬
10 152 906 227 et Hug et sullo venerunt et defendunt Iuo homium quandom tecris Et predicto Hugo dit quod predictus Abbas nullum iuo
13 192 933 275 domar pocest hn predicta terra Cuna dict quod quando predictus Rogngo pistri quins abute fuit ipsre Henpo Iura ecacese
9 236 934 316 Ia quod cpsoe Duto eo quod predictus Rugo facte Simis predictam terram tenuit de predicto abbate er servicium Siltare fuit
14 294 918 361 in custodia fomins abbatis unocum predicta terra E dict quod pingalis uenit ad hgocimam eade suam ilem
16 319 910 388 Abbas ei reddidit terram suam et ine epxit boragium suum in Abbata ipsius Abbatis de Saolutorem coram libertus
16 359 921 429 dini be precentibus et debet pouit se super harianm et Willelm dicte quod oni debet et ad hoc be resondem Cuid
19 399 917 469 dit quod non tenet integre predictam terram ueco cum poticam Euna iceret quod dictus quod quidam Thomas Radigan st
27 433 571 513 sunc cent in edietatem Et de Koc ponit st super ferctiam
19 473 947 550 Et predictus abbas bene defenerit quod nuinquam cepit Honaginuem predicti Hugonis de predicta terra Et similiter dicto quod predictus
29 522 925 590 Willelmus intere tenic predictam dimidiam mgata terre et tenuit die quo brate somniem in petrunt scilicet 8dio die Rando
23 557 769 617 dino r de boc ponit se super partiam Et Hrigo et Willelmus silio I fac ine huit
27 580 948 660 Dinr dicunt quod predictus abbats nuxtra cepit honagium Somitum predicti Hugonis de predicta terra et H ones est quod predictus abbas facti
30 627 947 686 Cesisam sutarm Et Rango In mna Riunct eciam quod predictus predictus Willelmus non tenet Integre predictum dimidiam uam
30 651 946 716 terre dict omiem quod predictus Thomas frater ipsius Willli conet dne gedietatem et tenuit die quo predictum bare somnium fuit
24 683 947 757 Inpoltram Ethec conec est quod predictus Willelmus Iine sine die et quod predictus Abbas mobis certrum pr hicte stud Cot In
227 730 798 798 quiam s per aliud bre si uoluerit
24 755 798 798 mam pro filio clamai E¬
