992 1005
11 10 964 65 Rabterus de Hotone simone fuit ad respondam Ricardo filio Henrici de lo quod permitat ipsum habe ronrabile estoream
12 43 960 103 suum in bosc epsus Walteri de Tteldrtone quod in eodem Salect trdebet et Et u predictus Ricardus quam quod cum ostro habere
17 87 960 139 det et solet racionabila contoera sua in predicto bosco ipsius Walteri in predicta uilla canqua pertinentis ad lobertum
8 122 960 181 tenemenus suum in eadem uilla scilicet ad heureboce et uncebace etad ardendm et edficandua Ita quod ipse Ricacius fuit
12 169 954 218 In fiecis de predictis ostinoris suis in predicto bosco ipsius Halteri capiond canguam pertinenti ad liberum tenementum sunum in eadem
17 204 944 247 ville cerre domini Rei nunc compuendo Done explenit ad uolile tc predictus Waltertus Iam dinidere anno clarta e
12 242 918 274 deforidint et percipere non permieit predicta Otonera sua in predicto basco suo Domini dicti quod degrorat est
642 269 930 299 Otoraorum ego buncilti diberto habe st
19 274 954 317 dampnum habet ad ualent decem Malrite Parofot etiam cartam ipsius sulto um per quim idem Walterus concessit prose¬
14 313 927 354 et beredibus suis predicto Ricardo et heredibes suis et suis assingnatis ad Kirebote et Horue boce in bolco opstus
22 345 193 401 Walerti de Contre
12 383 968 445 Et Walertus uen et defend dini et unirum guandi etc E bne cgnostit predictam cartam per quam predictus Walteris pri ipsius
17 428 975 484 Walteri e concessit Ruceboce et Harbote in predicto boscto de Montre set dicitut quod boscis ille de Pontre est quidam
18 469 970 504 boscis Magornio qui Ttinet Eros bocos scilicet unum boscum qui vocaturs Hares et Abutem Baltei qui uocatum
22 499 962 552 Kyingeswode et dertum boscum qui uocatur Herkewode Et bene Con quod predictus Ricardos et heredes sui brere deet
466 540 516 568 dicitus
17 544 963 596 predicta Ostynha hia in predicto bosc suo de Bertwode et in est In sdimia de predictis estoneris suis capiendis in¬
5 575 945 632 bosco illo soc bene defendu quod ipse Dertus nen hordes si aliqam estoneria ua cape debent nicn salent in
12 611 960 659 aliis bastis suis in Hcike et Hingessal de s idem Ricardus sie aliquis ancieos suorum ane confeccionem predicte carte
12 655 960 701 sinc proter ungra fuict In sis de baendo aliquado estomeria sua in predicto bosteo de Haye et Rengetfolde itantum
6 699 954 744 in Rosco suo de Wrkewode ub in capi predicti estoveria sui et temper precer confecionem predicte carte cepit
1 733 944 798 Et dict quod boscius ille susficis ad estomera sua capuera imperpetuum quancum pertinet ad liberum tenementum suum in
6 764 425 827 eadem villa Et de hoc pouit se super praciam
7 815 968 851 Et Ricardus dictut quod habere debet et Colet predicta estomera sua in toto bosco ipsius Walteri de Montre cangue pertinencia
11 848 970 905 ad liberum tonentum suum in eadem uilla scilicet tam in predictis boscis de Hare et Kingersel de quam in predicto bosco
12 886 970 929 de Norowoke Ricardo emte quod semper prod confectione predicte carte fuit ipso In sincta de dpiendo estonerio su¬
14 924 959 968 et uoluntate sua tam In Hayert Hngeswode qua in Berikesode Et quod ia sic ponit st super factiant
