971 992
7 0 935 57 Aassa reni retero si Prior de Weulaky Rogero filio Taini He ilis ad Willem Eefforester Roberto filio Roberti Thoma filiemns
8 49 947 95 sumiste etra prestraunt quiodam stagnum in Etuea ad uotes liberiten Ricardus Clechim eadem ull pocipm et Et cimnie quao qrod
7 81 950 124 per prostrationem itam uitcit aquam que tolebat curre ad quodm molendinum sum in predicta uill ita quod molendis
11 105 363 154 illad nono pat molere proter defecum aque
13 147 959 207 Et prior vener et dicit quodom prostrant predictum cagimtium iumino dicit quod prostratum est per mundationem aquetiom per ipsium
11 169 254 217 t uhoc point se super assam
11 207 953 274 Iura dicunt quod omnines petr predictum priorem perstrauerint predictum staginum iuiste eta ficuit bere dicit Iocons est quod pre¬
10 233 776 298 dictum stagnnm relevetur iustatu quo priue ad custum peditorum Rogeri calior itipspsm nostram
8 264 965 342 Asa benit retero si Philippo de Briuges anuncilius Ricari filii Ricaerdi de Bruge fuit seis in dominico suo ec de Xx acre rere
13 317 950 382 cum pertinentiis In Aslegh die quo et teicatlis Quam terram Rogero filio Flitenet Et ipse non uenit resumm etc
14 337 265 391 Io capue assa ner eum pr defilict
18 373 964 434 Iur dicunt quod predictus filius aunculis predicti Ricardi abutgeiss de predicta terra ut de feodo Et pro terrium Sec domini quod predicts
18 414 966 467 Ricaerus non Estpropinquior heres ipsius Pilipi crdicunt quod predictus Pilae decumo mortetulit assam istam habuit quodam fili o
18 442 954 494 de uxeio sua s legitim despensata quiandhbuit veneurit unde dicunt quod ipsi sunt propinquiore herede predicti filici Et
14 471 876 532 h congest quod predictus Rogeris inde sme die Et predictus Ricardus nohis capum per assam istam est mnam per floumclamiatim
10 496 953 565 Ihanes Le erithur Alicue uxoreus petra uero Iohann de le Fele Richoldam Hxreius di viria terre cum pertinentiis In le Pole¬
23 546 964 591 ut suo martagium ipsius alici et inquenmndem Iolue non hit ingrer isi per Ialum Pyrum cui Iohannes de Cottona quondam
24 569 458 624 vir pin alilit ilaudimist cumpams sinita sua etc
25 607 965 646 Et soilitem Tla Pile Richald uen vote ad ware predictum soluntem Pyrum quam presenest eis wara Etdefende sus ipsis
21 636 966 688 Alicis quando cu Et bne defendem quod prenno htingerisi in predictam terram per predictum Iohannem Deeottona summo per quandam
25 673 962 729 Walterum Pyrun patem predicti Iohanis cuius heret ipsest et qui unde abut eis et queei destendit Iurs heredi Edelropo
23 704 577 745 nut se super prami Iohannes le Cruthure alicu similiter ion fiat sn Iur
29 715 964 782 bostea contre fuit et predictus Iohannes de HaPoledat diidiimarica pralicu concen per pl predicti Iohannis le Crnuthur habant Exori
23 767 965 812 Tassa en retero et Robertos filiis Andey anunculis fuilii filii Barini fuit fectis in dominico suo ea de uno ie et unabirg trecum
26 798 956 843 pertinents in eukethull diec quo t ter tei ente quam terram et quodmnes villelmi le Fiele prestre et Margera ix ei tenenti
23 835 320 879 Qu uen michis dunt quade assam ret
26 857 953 921 Iur dimuni quod perdits Riblius amunculis predite Iule but seis de predictis magis terra ut de feodum po terim ae duiet quod poets
31 893 966 929 ful nunc est propinquior here eius qua diun quod predicta sili matda firit antequam nostra sua fuissiet desponsate Et ud cont¬
26 931 971 991 Est quod pedicti Willelmus Marga inde sine die t ulmichis carum per assam istam etist in nna pro filio clamiai
