950 681
10 0 888 53 Fasfam veoteri foto Si Wilelmos Obolct pastr Willelmus filius Willelmi Cholco fuit comuni in dominico suo certum de Octo
8 35 885 83 Acrtis terre et una acras prati cum pertinentiis In Suttone die quo obuit t Et Sialio domni Lunc filii Alexadri et
10 72 884 126 Iohanna corpr eme sex anatra terro et domini Iugr cha Cpitha et Roberam de Corstona unam acram terre et uomina
8 100 894 155 auaise pratia et Eliero de Suton' dimidia acra terre hne tenent et Ingerecha et baam de Coston nono
7 121 917 192 vonunt et reginarium t Tc capitam assa neci oos per defilitam Et Libenict et ali vonerint Et Elias bocat ad
6 162 932 225 Dar Willelmum le Charelagn qune preten et et ei bar et uaceit Dn Ad waru predictos Runc et Abetem
8 200 924 263 lcgorem omnis qui pratentus sunt et ei lars et rospondos tam de terra quam tenent quam de illa quam e Rariis
6 239 901 297 et detera quam partint quir eas dicnt quod nobis hane tenent nec tenuerit die quo brbe sumum inpoterent annuo domini predicte
2 289 929 341 Ingernaha et beberdas illam tenentum Et predictus Willelmus nono pat hoc dediterie et ben comnm est quod predicte Romancdus Nicholao quo
8 311 932 373 ad terram illam beni sani die Et predicto Willelmus sini nuna Et proqurat se uersus predictis Ingeribbam et Iobannam Si ualuerit
8 365 914 419 et de predicta dimidia ac quam barum dict quod assam nosno Alet Din fieri Eunma dict quod idem Willelmus pter Matem predicti
13 405 562 452 Willelmi ipsis sii fuit Donine in sdcs E de Roc ponit se super assiatem
10 439 922 497 Ln dicunt quod predictus Willelmus filius Willelmi mungam intc matem predicti Willelmi patis sii fuit in sesia de predicta dominid
10 497 923 551 aru Annodunet quod precitus Willelmus puete quis Willelmu Dbint Doni Seoitas Et olicitas de piatis traris et pato que quect idi
14 527 914 579 predictis upr clam et bobenanam decestone et itis tominum et quod predictus illelus proiquiet bebeus eius est Ches
13 568 915 620 Sintus est quod predictus Willelmus faectes crerm suam de predictis terris et sacto etcocerdco et Abbam core esie et Iungericha
13 606 879 680 et Iobanna de Cesftona in nuam Et predictis Ches Dabatus de terra predictrum line et Exore u ad ualent dimidim a
