910 874
9 0 904 45 Robertus de Heysumnum fuit ad responda Rogeris Husteng de plio quod tenate conuencionem factum inter ipsium xim
7 33 906 78 Bbug de Mypen predicti Roberti cuius heres ipsest de medium unius molendis cum pertinent in Loskeforde etc
5 65 905 111 Et uende predicto Rogeris quatquadcam Hugini de Oex psterpre dicti Robertis et dmisisset mede unimalendi cumpertulim per¬
2 95 904 129 dicti uilladterin xx et duore annum It quod ipsefuit sne in bona picifita seis toto tepore predicti Hugonis per decen¬
2 127 904 180 et cto anne predictus Roberus pos mortem predicti Hugis patris sui et deforit predictam medietatem predicti molendini unde dicet
6 161 905 200 quod actoretu est dpnum hibt adestimatus Eis inde preducit sctam Prefert etiam Oxri inter piuc predictum
10 190 416 243 Rogero inde constemqued testatur predictam conuentus
7 226 903 279 Ci Fobri venrie n pate dedite predictam coucncionem net qui predictus Hugns precipsius Hsi dimisisset predictam
9 268 903 310 modum predicti molens pqaieit predictum est Et ude consest quod predictus Robnos reter eis suam de predicta meda predicti mollo
10 300 904 348 diui tenendiusque ad timni predicti Robertus in mora Et satisfaco predicto Rogerio de dipim suis que tarantur
6 339 97 385 ad suum
7 353 903 422 Ie quefuit uene Luce let Dedel Petirti uero bunde degungimper terciam partem duaria acram terre cum pertinentiis in forus
9 398 905 443 Et neri Iohannei de Preston terciam partem uni acras terre cum pertinentiis in eadem uill Et versus Ricardus de Preston
7 441 907 486 terciam partem uninsmaum uius acras terrecum pertinen in eadem uilli Et uen Hug Lekyni terciam parte unius aque
5 458 434 515 terre cum pertinentiis in eadem uill utr dotemsuam etc
0 475 904 536 Et davidralu ven Et Galfridu Rovel per licer e reddit predictam dotem suam so habeti fcis suam etcam E ona
0 523 903 570 ali preter predictum Laundu ueteria Rara Agatheis filis heredi predicti Luce quest infra etatem mitustodi predictus
0 564 905 602 per cartas predicti Laca quam proferunt defecffamento predictarum terrarum Et predicta santo dict ad nicli ut de
819 581 875 612 Ageret
250 582 804 609 unum mei erte reepto et viae ectedi appcspifac predictas icias presilite pro ga
0 598 895 647 heredbes predicte agathi nsitem duas pertes prodicti me Et sidue partet predicti mnea sufficiant ad vam poti herede¬
0 630 904 675 Et frdueptes predicti mes non sufficiant ad ualum predictarunttiaque pertinent tunc predicti Iohannis aluteneait in pace
0 652 903 699 Et predicta santo habant de hered pediti heredis que est in custoda sua ad ualium Et Et si non sufficiant tunc ad qut
0 687 612 737 ei defuerit hat eadem Iinsto decrapredictorum Iohannis aliorum ad ualum t
0 713 905 758 Et predictus Daud nels adwar Willelmi de Colevill' qui venit ei ware ddicit quod dno sne dotem habere p act
0 754 898 786 quod predictus Lucias quandam ii predictesse die quoeam despensavit nec uuquam preced fuit ingeis de predicta
1 784 886 835 ta parte ner eum pecitaut de fedo ita quod pamundedotare posset et de hoc pont se superperuam tt
9 812 223 867 similiter fo fat in de urios
