963 789
5 0 683 46 Assiveni reter si Reginum de Erlecton P filius filii Regi fuit eis in dominico suo et
703 0 915 46 et uno me et octo acras terre
683 32 919 90 H et Petravill ux eius tnc
574 35 656 83 am Radulfi
2 40 555 87 cum pertinentiis si Erletan die quo ec s etc Quodmas et quam
6 64 306 117 Qui beciim micheli dicunt quada assam ret
8 85 916 149 Iur dicunt quod pedictus Regius pei predicte Iullanio abut seisia de predictis mes terra ut de feodo Et pro termin quod predicta
683 129 880 181 ad et sarevillam nam
579 136 653 178 ne peo
17 131 555 189 sulis propiquio hereeius est Et honc consest quod predict filius rete seis
6 168 921 238 Nassie ven recogoum Thomaas corbet sumiste etcta Asses Fulconem filii Barini uncrei de Libeotenerto suo su
10 230 597 269 Albarbiyr per pam etc  Et unde quad quod disses em de ciriter ue acra terre
14 243 927 300 Et Chomam uenit ddicit quod non disseis eum de peredita terra quredicit quod predicta terra une quad estde feodo ipsimus Tlhomius et quod
13 280 936 332 predicto Fulco coram plibus magnatibus et domini regi fidelibus homagium summ eiredim dit et similiter predictam terram Etpis¬
17 307 933 371 dimi quod ninquam terram illam uel aliquam aliam de teneret Et ea ratione posui posint se in feiao de eadem terra sicut bene
16 349 408 396 alicuit quo predicto Fulco illame Riyuduniti
15 356 938 427 Et predicto fulco dicit quod ninquam ei redditpradictam terram nichimagim simm Et prisse pet fudam quod ecam futa esse
17 411 939 466 quod pairam illinotum divini in botenus homagium sinm eireddbet nec postea ftatum sium micaret sec
21 433 942 494 in segia fud commuepiaveret sipredictus Thoma ccasione himplicis dicti sui posset ipsium de tenemenis suo issecure quad predicta
21 478 634 527 terramnquam ei reidit spante sud et bona uoluntate peuint se super assanam
28 475 945 562 sira bict quod quamdinumdicto dinorum capue fuit inter predictum chomam et Srfunm filius Rrmonbyn de plb contenionm bet
29 520 946 579 ne coneluint ple magnatos nbi tiam intersint predicto Fulco Et ibi pedictu Thoma et predictus Fulco corranti su¬
29 543 952 607 erunt fta quodidam terminum nocanti Fulconem proxitu ipsius Fulconis predictorem Et predicti Filico de lic nelementino
36 568 956 634 niciur nandeunt predicto clmaio quod e quo tantum cquvice imposuit patisuo e quod lumagiis sunei reddet quod mquam
35 594 938 661 acquae teram de cotenert eEt sur questi si predicti Fulco inpoprta persenta sua homagium sumu reddet predicto Tlemiaum dut uroe
835 619 938 657 Phrim istud
754 632 807 668 doemi¬
592 637 708 673 et Et furi que
38 645 530 682 nonm minoruem intrositam psimam scilicet et quandam Rinonerius Hes
632 664 683 695 cto est
40 669 579 709 mandant reddit ad vers suamdiam pedim terra dueni quod sic et quod de
809 678 878 706 pro octo de
650 687 706 711 mu
47 692 576 736 est capitale panerium pertinet ad tondeam terram tquod terram illam frnti
809 699 861 741 in retro
50 708 682 774 ped predicto terouam puinde predcta panca Et vcunt st quo predt fulctrint ter
