988 660
11 0 973 64 scassii une reterci Gildi de Kerlichi sumisit etila issacis Robertum scarit de liberoton suo iubetamo per pami a
18 41 965 94 une quam quod disscectocum recripto acra terre Et Eruald non vnen Eet quidam Willelmi de Lecuctell' sul nresfandi per co ¬
17 72 982 113 quam ballo cur Edict quod dem dissec predictum obantem de pedita terra quedictque quindam Ricardu de Betonite ftoffavt quandum
29 113 964 148 Robertuo de Betenior filium suum de predicta terra cipsium si in eciam posit Epostuod rintint cum de facto suo rect
24 141 969 184 ipseui Robertum decaeam terra et ftoffavt inde predictum arbadem barit fa quod predictus Roberto postera arrama quandam assatim
23 170 981 219 nonic disfari versus predectum icarum pactionam psime Roberti et predictum Oountdem coram Nicholus de Turri Iusticaris ad ho assignati iata quodact
630 195 678 218 La¬
23 202 982 241 assanam illam rater idem Robertos veis suam de pedictaterra Et postquam fuit in pacfico facte per dimidia mnum camplinc
23 234 981 280 forffant inde pedctum Ernald de Berkeleycipsum inde Iuceis posint Et quod dem Erneld illam alicui disfcis
20 268 970 311 ti indefecit pounnt se super assanam Et coblrto dict quod predictus Robertus noret infituum duas acras dimidiem per predictam
23 302 973 339 satum quod cecasione predite terre quam Riberdus reter per predictam assaam otufavit predicto Truald predictas septem acre E dt
19 335 981 377 hec pouit se super assam et Nicholaum de Hevint vivie retao noluit facere visum et Nicholaus de Hampton Gillio qorie
17 368 983 415 uefn Riobertus de Corfod' Radulpfo le Ftrester Roberto de Paterlbyne Willelo de la baune rete eiude asset no veneisoem i¬
26 404 967 466 Iuriea dicunt quod predicto Robertos retuperant per primam assam coram predicto Nicholais de Turri ton unam acra terorodat
20 445 977 497 terre uersus predictum Ricarus patrem ipsius Roberti et predicteum Robertum Et quod occasione illu terre idem baliis coturavit
23 472 982 536 s pedictas septas acre quas predictus Osberto posuit in visu suo Et dimint quod quando fuitinde in bna e feof¬
19 512 980 560 faunit inde predictum Eynalde de predicta terra une dicunt pretise quod predictus Ernaldo one dissex predictum Robaerdum de predicta
283 540 359 565 terta sui
20 545 961 595 simmo si disses et inde facta fuit per plitum boblus nonoper predictum Ernald Etud tius est quod predicto scbertio
20 583 953 633 nichis arum per assanam istancisit in mam pro filio clami t primres per aliud birere siveolint Et predicts Erual¬
