901 1075
4 0 897 90 slgntim que fuit b Oxon de Speleg oi nurditur Riei textortun de Ticebir de placto via
13 52 894 129 meo cum pertinentiis in cuttebir quod clamiua ut suo simum ner cum etca Et Ricardis non venee cee Et fuum t
15 83 860 168 Iudem meua camuem in manum doni r Et dies etea et ipse unum qouota sit hic in crastino pura bete marietc
0 113 184 159 dctis Sancti Huyllari
8 130 875 225 Simon filis Nichola de Tapelque qrecit uero Etona de Hukhenere et elemam Uxre eius tre acras terre cum
8 192 862 260 pritetiis in Caspelasie ut uus sabet e t in pua non ict ingrestium me per steshamum de Aluedene an¬
8 234 892 321 Simon de Capellabbe dimilite predicti Simonis cuius bites ipse est illas dimieit ad feminum qui feterit
11 270 439 337 scilicet ad terminum iunte ipsius Stephlum qui bnt et c
0 312 896 364 et Ethomes et Elensigue atrnatum suum veniunt et calias scilicet cotam Iusticiaris Itenus apdua Olboent uoca
10 361 871 409 verunt ad diarum Cltimedene qui modo uonit per sumnumtei war Et dict qro predictis annoi nilltuem iuo
3 400 881 448 clamare potest in predicta terra quia dicti quod predictu amoni de Tapell annullit ipsius Simonis cuis
0 444 861 491 bibetres epsco est dedit et concessit predictam terram cuidam steplano de Olmelon fatri ipsis Galfrido cum
0 479 878 541 bibtris ipse est habneniam et tenendam eidem Stephano et heredibus suis de predicto Simone et hereraibus suic
10 526 875 577 inperpetuum per cartam ipsius sanonis quam prefert de fofamerto et quelhoc testatur uende dicut quod si¬
0 561 881 625 aliquis ipsum sine Iplacicarit tenet edm Simon si wiaria canquam libtea ipsis omnm annatis
0 606 886 653 Et Aimon filius Nicholai de Capetlalbe bene defondit quod predictos simon auiliters sunis nungat dedit nic
0 647 874 694 concessit predicto stephano patui predicti Galfridus predictam terram nonc predictam cartam et Domin focic Et de hac
0 690 857 744 ponic se super partiam et super testes nominatas in carta et G alfriduo Similie et Galfridum per
7 721 869 773 s et inquirua offert domino re dominidum marcas treciplis per prler ipsius SOynonie Et Io peceptorum est uunc
0 764 867 818 quod venice ficardo Adie Pasche In  diet apud Nomam Castrum superimam uel oram Fc de
0 801 878 865 Haulon Sipius in parptes Ales uter Radulfus de Iuuers et Ricardum de Ra wyky testeru nominatos in predicta
0 851 894 909 garta Et preter illos gii tam silidus et c pro quos et ctera t qui non et e ad r et c sipredictus Simon filio Nule
0 896 862 951 de Capelle annculis apsus Simonis cuius habtes ipse est dedit et concessit predicto Stephano frati predicti
3 927 870 977 Galfridus qu babetes ipse est predictam terram et predictam cartam suam ei sin fecit sicut predictus
3 969 865 1014 Galfridi dici uel sui idem Sumnon muga dedit nec concessit predicto Stephano predictam terram nioc predictam
3 1010 849 1061 cartam e  focit sic predictus Simon dicti cit tam et et concossum est Huic sime et c
