953 869
10 0 904 80 Robertes de Nonte Fracto dec et ers puo lic concordi cum bado de Eunenebas et eungei de pl sariis Arte per
17 57 315 121 pl ipsius Raduli et homnc Ox etc
10 109 919 177 Nobuna que fuit ue Iodno le faret pro atrnatum suum petuit mero Bobertum Einelle et Ricardio uxor eiuas terciam
24 145 929 220 partem durum pertinent duarum uirgatis et uiginti dacram terre octo acra bosci uiginti et octo solidos redis et unam
15 193 940 258 gis cum pertinentiis in Pronestorpe et Hencthorpe et terciam partem duarum pertinenti quinque uiram terre et unum omna
15 240 417 292 cum pertinentiis in Hoginihulle ut dicte suam etc
8 268 944 347 et Obertus et fiaicum pro atruntum suum venerint et dict quod buste defortat docem Suam quia dici qro predictus Hordas quandam
14 315 932 360 ur psus Iohanne de eis tenuit predicta tenemernta per seruicium Militare et dicite quod quam idem Iordemus obut habuit pe
10 354 923 404 quindam Rogerio filium suum qui est Iuntra etatem et cutus cartdia ad ipsum pertinet et dicit quod prater impertem ipsius Iodudni
16 392 947 448 remangit idem Rogisris in custodia ipsius Iobanne ion unqua prateas eis liberare uoluit predictum Rogerum et dic puo gemper
15 429 648 490 Pacous fuit eirade predictam docem suam suei reddedisset predictum heredem
13 460 937 527 Et predicta Iohanne per ater natum sunum bene defandam quod predictus Rogerus filis et here predicti Ioranis qundam uiri sui prater mortem
21 509 933 561 ipsus Iordani non remaneit cin custodia sua necn ungua preterea in sua potestate fuit non modo est Iice quod
24 557 936 589 patei et redde potuit nec per ipsum clonglitus est quoninum crodiam de eodem Rogero bietere possit Et de¬
23 576 932 628 oc ponit se super famtram Et Robertus et fili Smilit et hoeno precepter est dinct quod venirefucit ad die Patirli
22 612 919 671 in Cundencim dies aquar Nomum Castrum superyrnam uel coram s de Haucon sipius in partes illas et c
28 639 931 708 ad fac etce si predicta Iobunnam semper prater mortem predicti Ioranis quendam uiri sui Clongauernt Rogeroum filio et heredem
33 687 922 745 poinus Iordani A custodie predictorum Roberti et Faic quominus ipsum Rogiesum In custodia sua labere poterint suic predicti
28 698 950 796 dedds et alite dict uell si eaodem Iolutems incuxtam puceo intem qpus vods clongeaunt ipsius Rium A custodi
35 759 951 830 psorum Bobati et dbcs nen per pstam teci qui quim Rogerum habent in custodia sua dict eodem Iohanna dicti Oida
31 798 868 868 tam ete et concessum est Kinit dondi et
