961 835
8 8 945 82 fedes Nigellus de LAngeforde atachidis fuit ad resfondam magistr Thome de Olyrtford de plno quod tenet ci
31 43 935 125 finem factum In curias domini r curia domini oram Iusticiariis Iterum apud ykefeld Inter Iolanam de Atheletestone
31 86 932 140 nostrem ipsius Thome cunius hereds ipte est querene eredictum Nigellum deKoreornam de seteo quom eidem Iohanna
35 116 940 175 exigelit ab eo ad molendinum ipsius Iohanne In Aiclakestone unde Oxri etc Et une predictis Th quand prad cum
34 157 953 223 predicta Iohanni per predictum fuit remisisset et quitu clamasset predicto Nigelli et heredibus suis quandom sectam quam exrigelit
31 207 930 254 ad molondum ipsius Iohannes In Cchelakton de dominicis terris ipsius Figellas ad sritumdecimum vs etpro
36 240 929 277 hec et predictos Nigelilis concessisset pro se t hereiis suis quod omnes villam sui de Aabelatton faciant predictam
36 275 930 326 scctam ad predictum molendinum ad sertiuntinum vas Et pretera quad qurhibet uillanorum suorum in predicta ville
483 306 649 339 Bectgol vilm situ
37 310 937 359 nuncurit singulis annis dic bonis In septimana pastitu homie interam eendeindum stagnum predicti mali
31 352 946 402 divi et similiter concessisset candem Iohanne unam marcatam reddcum pertinentiis perpitendm per marium Petri
31 390 937 444 cum de Santcheuerel et Radulfus Cuocite Scilicet xii soli per manus pedicti Petricu et heredum suorum et 16 denarios pe
36 424 948 473 mau predicti Radulfo et heredum suorum predictus Nigellis non pernittit ipsum peripere predictum redum neterdistringere predictos
40 456 944 509 facritum et Radulfus pro predicto redditus ta quod ei artro st di eni de redditutum sancti Martini proxime preditu Et
49 490 940 544 similiter non paruittit villanou suor et invenire lbobite ad eitmandam predictum stagium unde dicit quod deceroratum
50 522 889 569 est t diperniuamad ualenie S solidis Et su preducit fetam ffert eciam predictum firiem qui hec testatu etc
54 549 958 600 Et Rigellis uenri et defend uinicsiuur quando etc et bene cognoscit predictum finem t quicquid continetur In il¬
48 584 951 641 lo et bene defteunde quod in ullom ven contra predictum fuiciu Et quod nuncqui impediuit ipsim percipere predictum re¬
50 621 940 675 ditum ne distringere per eondem He eciam impeduint villanco suos ad euendaendum predictum staginum uel repu¬
51 655 942 709 andem ficut et imponit Et de hoc pouit se super partriam Et Margeria et Thomaes similiter Ion preceptum est
56 694 937 740 uicerit quod viure facerdt hic in crastino purie beate Mariae xii tam militis etc per quoe cetis equinet eteram
50 734 932 800 rete etc In forma predicta etc Tofta ad diem illum non benit sure soco preceptum est vieci quod venire facram
282 765 358 793 ade Kestium
69 769 834 834 die Pasche in quinque septoam xiri tam milites etia In forima predicta etc
