988 640
8 0 967 74 s G fritus Subando Willelmo le Sunam essone Waltero filio Ricero epx de urdie ec Allamam filium Raduldos Matole Uno ei
14 37 961 106 de plno quod ipsi simult cum participibus suis waris predicto Galfrido Tiampateii Lu acre ht cquinbiri terre ex¬
12 88 961 124 iega quiqe solidos eex denario redditut cum pertinens In sptone et Clafflore Etde palno quod wars predicto Waltero terram pate unim
17 109 982 157 me et bunius vuria terrecum pertinentiis sueodem villi quos Robertus le vaubafur Iohanne uxor eius clamat in dotem ipius Iohannis
16 145 964 194 nel erdem Galfridi balteri Et une indem Galfridi Walteri lter an Rro deditoe lan et Matil percipero suge uersus et Ecip
18 181 966 223 non venerint ec E sunum ectiri Iudibus sap innonim rede dechrapelum Alan matilli ad vilut Edie etceam Et ipsi sueum
17 205 973 245 er prae sesit adie Pascha in xdie squod nomini castrie super cynam Etque pedicti Alaneri t Matillis non habuint terram In omim eras
12 229 966 274 et in comue Lycestri et predicta tercra paro quam petunt uero predictum Galfridus Suband extenditur ad xeia  d obois
17 264 975 315 Et predicta tercia pars quam petuntu predictum Walteri filiu Ricari extenditur ad s tvirdis hoc preptum est uiecis Eexis quod
17 311 982 355 campu In manum domini re de terra predictorum Alandom et guitillis ad ualum etc In forum predicti etca dem dies dictum est Willlus de Nedat
16 328 683 388 et Is uxoeiis gilo de Hasting Oxonie uxoreus per attrus sumium In Banco etc
13 367 981 450 Galfrido Suband opx feuiu die er Allanum filiue Roldis coatillis uxorinus de plio quod ipsi simill cum Milone de Hastenes
17 435 981 475 et Honis uxore ius Willelmo de Fdar Is uxoenis acritaem ipsum de servicio quod Willus de Bellocampo de Heredia b e ttis
24 470 979 513 e Libero tenero suo quod de predictus Alaneri Matillis miloni Oonis villi ise teneterus In Chalfeyc Oxpton In cumium Huk
23 497 969 542 une indem Alanus Matillis gilo Uxyonis villi quos cum medu fuit inter es ipsiu acquietem elet etc Et li proi nons
331 526 460 552 chmi cuum hexo
522 527 636 552 Iux excestri
24 540 972 585 Uneus etce polis fetes defalutet hado septue est uites ext quod distre co per onis tras onina canalli fa et dom po stis et
21 571 751 630 quod habuet corpora eoxum a die Pasche in xvdie apud nomini castri super uoxnam etc
