984 1143
6 0 974 60 Frior de Foseundune per attatum suum Eptur se nanm die meri Willelmum de Bello campo de Eton de Ppilcte prod ctanalis
10 48 958 92 e finem factum in curia p coram Iusticiariis Etiem apud Clounct inter ipriorem querente et ipsum Willelmum de Fort de
11 74 958 130 hoc quod idem Willelmus printeret ipsum habere liberam multam in molendino ipsis Willelmi In Eton uode r
11 107 935 152 etc et Willelmus non omi et e Et bunt diem per Essonam suum ad huinc diem pact quam dtache fuit et Hongonem
12 150 936 203 ipsum de Rus Boldestone et Rogerium Frd Rof de eadem domco pori per Molis prefe quod sict apud uuestum a die
10 184 341 243 Pocae in xli des et Primi et c
2 252 962 320 Willelmus de Sptone spctus Semni de uer Bobatm del efre Ngenus uxrems de fili qud warius ei duo tenteo reduas Heretus
12 287 931 362 terre cum pertinentiis in borceli que tenet et de eis conere clmitum et unde cartam suam etc Et ipsi sunino Loneratt
14 328 944 389 bomninum et c idem Adctus quod oic de Fashe in Gres sepsos apud Wostumerium etque tofrdtum est quod predicti Robertus et
14 371 920 437 tetriulle mobi dinint Iin comias wariis sx Dnc terram Iugonaris Pebhes H pept est hinic Peibicus quod actachim o et c
784 413 840 456 gilla
4 427 949 485 fi Willelmus de Abbiunato sumnum fuit ad Respondondam Amarico de Fadaro de Plato quod faciat ei pratia seruicia mne
7 471 935 522 ei fatere debet de libero ten euo quod de Otenet in Lacebre et Cahrst etc et unde predictus Almaricus
7 517 924 558 quiet quod cum predictus Willelmus de eo teneat unam Hidam et x acras terre et quatuor selto redditus cum pertinentiis In pre dictis
7 552 913 597 uillelmus pro seruicium sxte partis feodi uni scilit et rodlendio bene ei In fine quarimus xxii Epct prexime denio ad
5 584 918 650 wardam Castri de donere Ita quod ipse Aluaricis fuit ini in sacio de predictis Iucaone et wardis pro mani
5 630 913 688 Willelmi de Hontone piis pisius Willelmi suius heres ipse est cot trpre ipsius Willelmus in dominio suo ut de feodo
0 677 904 734 et iure tratre domini P sunc et c predictus Willelmus semper pret moterm predicti Roberti patris sui ei decunt et redde¬
1 717 810 772 gendeicit predicto seruicia uine dict quod decroratus est et dampnum babet ad ualent dictem libere
0 746 920 814 Et Willelis uone et defondi uniui et uniurut quando etc Et dit quodneono debet ei ad hoc bibere respiondem Quind dicti
5 795 921 855 quod mobis tenet de predicto abbanaco in predictis uillis nec aliquid ad pretens tenere clamait Ricard omiem quod Icallis
5 845 904 908 de Abbundo Macor ipsus Willelmi et qundam heri predicti Willelmi patris sui tenet predicta cenemerta de quibus
11 888 930 943 petit predictas consenetudi et predicta seruicia et dicie quod tenementa illa sunt ius et hereditas predicte Iohais
12 919 904 980 saltrio sue i qo preicus Willelmus prate sinus semper fecit ondem almarico uonem Allas et teruicia Asla
10 944 925 1011 qurnam de tenerito quod temus rine predicte Roeltus Hn onet nono pomine hereditatis sue prprie et predictum
13 991 916 1048 antaris osro poss hog deditere Et Hen cones est quod predictus Willelmus Iene sine die Et quod predictus Almarius
16 1034 912 1094 nibis capudat per bre stud et oit in nmnm pro filio clami Et Prosunium Eper aliud Bererem a predictam Scilices
42 1080 120 1140 vouerit
