969 571
13 2 965 71 Aagnem quaem fuit uxore Barni de Tedestale appuod in comtat Thomas Kor Willelmum de Punele clepitum Walteru Willelope
18 69 966 116 filipm Hordo Pilim Oalchi Stephani de Stok Ricardo de Wrngechull et Radulphum de Fonton quod nbi fuit in parte
18 86 966 154 Domini e in domo sua in Codestile die merturi in septma Pasche Anno xxvii cirta medam noctem uen predicto Thomae
13 127 613 189 et alii rolebant Domacionam frangere cona pace etc et hoc oft et c
18 127 966 215 Et Walerus Galelipo Pilio Eahaicoho Stephani de Stok et Ricardo de Krngtehulle n uenera Et Galtero fuit atehalis per homoram
19 197 955 256 Hore de Watlebrngg et Rogerum Wallelope Et Philipis Calon fuit attahalus per Ricardus de la Nicholae et Thoma Wallehore
22 224 964 284 Et stephani de Stok fuit atacholis per Hamunda filio Ricardi de Elemere et Walteriu Pekre de Mtratton sancto omne in nam
24 266 939 309 Et Ricardo de Briggehull' fuit atacali per Danud filii Aexandri de WBradechull' et Oynon fratrem predicti Pevid o
21 282 964 347 in ma et Thomas Horde Philpeo Ioredo Radulphi de Euton uen et defendt fractionem domorum et totum et c et pet s
26 329 949 366 allocari de hoc quod Agnem femina est et non habet apostolum mei in duobus aribus san conte est quod apostolum illuem Et
32 347 960 405 Willelmo de Punmel uen et dicitum quod clericus est et quod timto debet hic perdere Et euo hoc uen decamus episcopi Conmuitis
26 379 960 433 et Ricbolas et peti ipsum anquam clericum et libertur ei Seo ut sciatus qualis et liberatur inquiratur rei intero pr prri¬
31 408 954 470 iurie dicunt quod predicto Thomas et alii uen noctanter ad domum predicte Agne et donum suam fregerint set non in
28 445 961 503 kelon necr ad aliquam Rober facirom qu pro quadam textra facio uequod noctanter et cona statuta Regni hoc fetrus sac oncta
24 482 942 529 comitantius Tyol Fost uenori Thoma horeds Pilipo Herdo Gadulpho de Kuton et fimem facte proxi olol per pl¬
26 523 570 570 Roberti Corket et Rici Eprengeshare
