958 1103
11 0 922 44 Willelmus turpe apse Iohannem filium Willelmi Rexgent quod ubi fuit in pace domini re in vogo de Maunforde die sancti
8 27 929 82 gartini anno 2x herea prima ibi uenanti predicts Iohannies et ipsum meultanit cum quod cultello valendis et fecto ei
11 55 940 110 etquandicti plagam in huiero sunstro de profunditate vi pollit et de longiter tane pollicis et cum eodm cultello¬
13 92 941 152 pete ei plegam in huiero dextro de proefunditate trium policta et de latitundin n pollicta iuxta chimami Et quod ibis
13 130 736 179 dem tesos ab eo in roberus uii portor inges et quod hoc fecti nequit et ca osta et c
16 161 935 217 fot apus Ricardus de garthull' quod eodem ann et eodm die ipsum moultavit mlueravit cum quod gladio de
15 192 935 236 Colone et fecit ei quamdam plagam in Brachio Et Ricardus ueni et paeter et alicuete de hoc quod tariat apostolum quum
8 232 954 278 scilicet quod quandam apud ipsum in comita uillam inuncionem fect in comta de aliqua roker neque de profunditate nec de lati¬
11 254 924 314 tudiem uel de longam plagarum Et quo hoc conitum est pro potulos cortum Ioco conuiem quod apstolinum illum et predictus
8 296 645 332 Willelmo custode Ot pro pace domini re obgernanda inquir rei mertas per partiam
16 319 924 379 iurie dimint quod predicto Willelmos cuppere voluit inparcare portor dicti Iohannis et idem Iohanni voluit inferre portor
16 357 940 396 Euos ab e et mota contencione inter ego predicto Willertus predicto villu per cussit dictum Iohannem cum quodam batulo in capite
19 390 916 430 et Iohanis sepcussit eum et fracte eti duas plagas Et revera dicunt quod predicto Ricaris repcussit cum cum quod Cladio
16 417 863 465 ut pacificaret predictam contencionem et nono alio modo s que percussit eum cum gladio sanco ambo custode
19 433 937 503 Post uenr Iohannis Nie et finem feate per dilm nini per prleis Henrici de Chaunton post Uenena dictu Ricardis et fiem feli¬
15 487 927 540 e dici nci per ple emuodum Henricui fost uenente Gillemus cupere et Walterio de Hull' et fimrem facter per dimimo n per prlerio Edn de Heodenet
11 525 921 598 Fwaltero del Hull' quasd chaous de Willarston de Plagi et pace domini rec eo Thomae venere et defend plagiie et totum etc
8 565 933 615 et de malo et bon potei se orum patiam Iurter dicunt quod predicto Noe pertussit emum cum quodam Baclelo in capite e¬
13 605 942 651 ipsum Ingultauit eo non alio modo sundo ipse custodia Et Walterm custodim pro filiuo apostolino post unri predicto Ihabas et finem
16 637 380 698 fect per dimimi nic per preleris Henrici de Mchamntone
0 684 933 768 Idam presictum de Norton retatus de recepdono laronum uenenam et ditet quod clerntcus es ego Iridem debet hc prderue
0 738 928 791 gi hoc Renemento detemus epci cestrs et peci ipsum tanquam clericum Hec ut ocatur quellis et liberatur inquir re ueritas
13 772 683 831 per patram Iurte dicunt quod culam est de receptonent et pro celli liberata eidem decamo
177 803 303 835 Ricardo de Aenare
15 810 927 873 BBrun de Notton Willelmo de Serlakeston Marefordne de Roluardelle ad de Mutl' Henrico le parkere de
21 862 953 916 Radeldi Banulpho de Welinton' Rogero de Enardin Ricardo faber de Calilbale Willelmo de eod Thome et Willelmuo et
21 894 929 955 fratre predicti Ricardo Rogero de Pykescok Willelmo Bench' Radulpho de Nokeford' Mareforde Itcherea Roberto faro prigoto
16 931 914 986 Rgeso Ruffuo de Ukinton Ricardo appentarii et Rogero de Nuyleg Elyac filio Ricardi Ricardo de derintone
16 966 927 1023 Willelmus de Hamftrd et Roberto de Serinton rectati de Latrocinis et receptoent Latronum uener et de bono
13 997 926 1062 et malo posert se gortia patram Et iure dimint ex acram omnium quod non sunt culia de aliquo maleftio fanto inde conet
15 1024 913 1097 posted testum est quod todtum de Caludhale odio et aga indictavit ticardus fabrum de Caludal' borum et Willelmum fratre cu
16 1052 121 1097 s in mna
