973 1128
12 0 957 61 Hngere de Mchenton aprd in come cogentiam parm de Mcheinton de ingultu premeditato et pace domini quo et Hugins
11 44 928 89 sictio tenemeti facto ipse capra et pal sui de prati in mia scilicet ad filia Rogeri de Okheiton et Iohannes de Witokelabe
6 70 931 123 Et Regeri ueri et dicictu quod cleicus est et quod non debet hic prdere Et quro hoc uent decanmus episcopi conentis et petcu ipsum
2 97 964 147 tanquam cleritum su ut sciatur et c inquita rei uitas per param iurea dicint quod non es cuqpu de predicta terran Iaco queteri
5 144 958 210 Rgnes filii Margerie vione de Siriniton app Ricardum Witling de Conethull de Uirgin s rapta Et Ricardus uene
12 189 965 230 et de bono et nalo poun Ee grati partriam iurea diciunt quod non est culpuum de aliquo raptus secto quietea Et predicta agne pauper est
0 234 958 279 si Willelmus filii Roberti de Attona apd Kengius Champeners et Pilippum Clechei de Malorp quod ipsi nequit et qa pace et c
11 270 966 320 Uenti die gerturia proxima prati festus sancti Barnabe apostoli ann o ad Domum alicet Champeneys et pretem eiusdem domus
12 298 953 351 tregerunt et hostia amere predicte domus et ibidem cepunt tres toftras in quam una fuerint scripta preter em et
10 334 960 379 m astra talle ad cesienert Tlmeo et in tercia amili et firmacham et ania Iocalia ibidem impentam apportauerint Et
7 364 957 403 quod hoc faecto neqte et in Felonm ofst etca Et Kng et Phalio uen et petr i allocune de hocwariat apostolium quum et
11 382 963 429 et hoc comitum est per recbesio cortonat soncto contra est quod appostolum nillum et Willelmus comittatur Gapolii Iunter dicint quod
14 424 955 468 predicto Hugones illam transuram facto predicto Willelmuo fe ape et Philipos Clechae sanme quiete Et Willelmus custode iura dicint quod hec factm
11 457 925 500 fuit per ateum Roberti de Attohn' fratris sui Et predictos Robertus uer et fastum feacti pro se et fratre suo per Ega per preli Willelmi de
10 464 270 515 Necliton et Hugone de Beebir
8 477 940 541 Pium de Prene appo Willelum filius Roberti Roedell' de Prene quod ubi fuit in pae domini p vii dict Natalis domini
5 513 941 569 Sura xoo in villa de Plesse ibi uenr predicto Willelmus li ipsium mgneltavt cum quod gladio colon et fecio et quamdam
10 545 939 608 plagiam in ego et aliam plagam in capite et quad plagam in uentre cum quadam cagita et quod hoc fecuo nequit
10 589 194 631 et in felor offtc etc
12 586 957 656 Domine apuasd Adam et Hugonis fratre predicti Willelmi de ilberata quod iidem ipsum nequt aum quod uocelius uerberauerint et maletratm
10 640 967 681 buit et Wilelmos Eene etdicitus quod dleritus est et quod non debet hic r Et opro hoc uen offict epscopi heredius et peti ipsum tonquam
10 675 951 724 clericum Hec ut orat qualis ei liberi inquia rei uercas per patram Et iura dimint quod cuqam est de predicto facto et pro
10 704 945 752 tabi liber epo Et ad et Hugones uen et petu s allotunes de hoc quod uariat aposotolium omnum Et quo hoc commitum est
10 742 940 786 per Eocos cortuam contr est quod appotolinum nillum et inpuirus rei iitas per patram iura dicunt quod predicti Adam et Huis
10 782 935 828 fuerit in forcia et auilis uti predicta felono facta fuit s comitati coyol post uenenra dicti Hugonis et ad et finem
16 813 941 879 fetre per di nic per prlera Ricieti de attona Henrici arpenarii de Preme Fosteda testum est quod predictus gien nichil hac
18 828 527 877 et liber domino Iecobo de Audell' per precepter gro de WBanton
6 865 948 922 Fngoe de Bolinghale et Hugine de Bechebur retto de Houncidio uen et Hugenis de Bolinghall ofidt domino
14 901 942 947 rad g hencio pro habenda bona Inquigua per prliu Radulphi le butaller et Hugone de Bethebir coftm domino r 5ni per habenda
11 936 939 983 bona maram per pl Roberti Corket de Cas fratris Thomae corbot et Robert Bbundell e de bono et mnabo Pomn
7 971 941 1021 se quatiram partiam Et iuter hundredom de Orleg et iure de Otottedono Muncelawe et Brumestre Diomint grac acram
7 997 935 1039 peum quod predicti Hugois et Hugons nosno Suc culfi de aliquo mabestio neco de aliquo honiceidio neco aliqua toberus hato inde quieti
10 1037 933 1084 s aod hubert Oliverus fratre ei et Galtero filius Huirici clericus sbteverunt De et maletriam sio exioa et villlio Bulla hane
13 1073 107 1118 runt catra
