949 622
29 0 944 71 Ricardo de Badl appod in comita Iohanne de Wolnegeye de Pilipo Robero et pace domini rs frata Et Rcicaris non veneni sem ipse
27 41 764 82 cartua et pl si de praosos in meras scilices Willelmo de Cherehall et Willelmos filio Ricardi de Brotton
30 60 932 123 idem Ricardus appuod de Strte Willelmum de Olynelegr Willelmum de Brompton Iohannem de Bratford Monachog de Cumber
24 100 930 161 niare fratrem Willelmui de Bretterbald' fratrem Willelmum parvum de Notton fratre eiuodem domus Ricardum Buocte de la Mre¬
22 120 794 188 et Willelmum pistorem de Cumbernere lacoe quod ipsi fuerit in fortia ad faciendum predictam tranogruam
27 153 946 210 iidem appo de precepto Willelmum Abbatem de Cumbernare Et qued predictus Ricardo sequebatur uerco ego in comi et modo non
28 188 942 248 uenri sco inquiratus rei uertas per patram iure dicunt quod predictus Iohannes et alii non sunt cula de predicto facto hanto nerere quieti
28 214 942 279 idem aprod Willelmum de Brompton Monachum de Cumbremare de Plag Robero et poce dimi reis Et Ricardo non
24 256 920 319 uenri sono ipse capu et ple sui de partsio in mona scilicet Iohanne de Euelton et Hugone de Engwortham e per pace
23 284 943 350 uxne pro obendnda inpuirta re mertas per patram iupe dicunt quod predictus Willelmus non est culritum de aliqua tenosgrae s inde quiete
18 307 922 410 Iiardicienas pro sunt s aileli de Alto Monestero spri in comnt Kenebribus propitit Eyun vocadri Robertm Prepro
15 365 939 451 et et Adam Crekessaone de morte predicti Willelmi uiri sui ita quod predicti Kenerebu et alii uels sunt in comna per sectam ipsis
16 381 98 415 Sm ae
21 398 928 475 Radulphi apadr de Forcia Robertum de Campeden Hugn' de Graham Pagann et Willelmum de Brompton Hugn de
15 434 881 499 Wicholi clemntem de eaodem Rober de Exton Monachos de Cumbremare et Willium Brun fratrem eisdem domus
17 461 920 552 st eodm apod de precepto et coneneu Willelmum Abbatem de Cumbernare et Clemencia non vemeno so ipsa capu et pter con¬
17 496 908 580 de praoctoa in nuna scilicet Cadignani filius Eynon de Hynetone et Iohanne filiuo Ricardi Habus Et inquirua rei intero
15 530 853 615 per pratram sure dicint exc Caram oumum quod predicus Abbats nons quo cuaqum de precepto nc aliio de Forta sancto
