966 899
32 0 961 56 Lonceis Hugolegrey occidit Uxn le Eruthere in uico de Frankeuille et statum fugit et malerum
27 36 947 88 i etus et velis et Willelis frat predicti Wni non ven net maletrus et fuit atachandus per hoabus sat Willelmi Hope e
27 67 941 116 sol Eario is in muna calesm tuio peo de uni dicis pre postea testum est quod predictus Hugonis perpent se in ecclea
24 109 934 153 sancti Hernardis et cognatum factum et abiut r cor corona Eo uicedo de Frankeuille non cep ipstum Iud in mia Et
22 139 665 191 xeii suris nillam naccionem fecto in potulo suo de inuuentore Iinto qua nmonra
13 178 930 262 Iundam gertuicio mentam fuit octaus in ampa de honetote neratur quie eum octedit Et viceras de
7 227 456 295 P Naltestoyate non cepit malestorem st in nuna
13 278 935 333 Robertus de Weston obinrre fuit in aqua Sabrine iude iusfecaris pirmi iniento denem et no malerne
6 322 950 393 Iohannes de Oluernehamptone s fuit qpuod Eluernehmamptone in comite Stasfa Cate eius xv s d
20 369 125 431 uni vicecoti pre
14 401 949 482 Nihalaes Fulco percisit Walterum de Hadenhulle in uico de cotes ita quod tercia die obit et Niholus
27 461 922 510 fug et maletiam s exim et vila car eius xois vit r Et uicusi de cotes non cepi ipsium sancti
26 502 945 563 Ricardo filius sedm edit de quodm minio euo ta quod terca die bit pre qi 2 s un ic it
26 563 933 627 Nbiberas pissim appu Willelmus Baril de Uerberatur et plagie contra pacem etc dem appud de forctia Iohannem
25 595 960 652 Baril Thome Rorreg Nicholaum le aunter Ricardum fratreum enus Ricardis filii hohi le Gaunter Ricardum de Cletovenrt
29 628 929 693 Iohannem fratrem Nicholai le Gamnt Galliveo filio Mabilli hohbino Berner Hngeni le Bagg Willelmum Mtilis
19 676 959 722 Thome ferrunt et Ricardum famulum Thome verner et Willelmus Petit s allocie de hoc quod non narat
24 706 962 761 in apstolno suo nec nominat dicte ntrum Quum Et que hoc coitum per rotlos coronuam congr est quod apstli¬
22 729 947 787 alltem et Nicholaus tustode eu pro pace dictis re oboeuanda inquius re ilrites per iuras villtu et Iura dicunt x quod
26 765 959 825 predictus Willelmus fecto ei quandam plagam s diunt quod idem Nicholaus ibberait et maletratait Iohannem Baris fratrem
27 797 942 880 omnium et prod domn Ihanibus prest prepecis Wlemi i cnm Aadis enom mueram prisi pram iaibis pro oio
26 827 101 882 custodie
