925 1319
15 0 901 57 H ei gratia Rex Rnole domino Reybum Iuper Norum Qerit et Conia Aaudi omnibus Willelto et fidelibus Sino
11 40 898 98 ad quos presentes licere perenint Salutem Scatis quod perdenammus Alibe que fuit uxore Regins de Gangy
8 83 919 136 sectam pacis nostre que ad nos pertinet pro morte dicti Regium qredci uiri sui unde sapllatia fuit E firmum
10 133 906 199 pacem nostram ei sine concessimus ita tamen quod pacem faciat cum parentibus ipsius Regim Et set inde
22 169 898 245 recto in curia nostra siquis neco eam inde loqui uoluerit In cuius rei testimonium has lites nostra
14 234 909 289 eidem Allicud fieri fecimus patentes T nepso pud Mandeforda septino die Nouembre anno Regni
16 267 259 331 nostri tricesimo septimo
7 296 908 370 Roberto filio Egn de Caney apd Alic xsi pisis Eegm de morce pris Regius Sirioni ta pra precita
9 348 906 402 Robertos impetrunt bratre domini pe ad remonendum apostolium de comitat tora tolio domini p ita quod per exceptione qpa
9 385 905 440 eidem Alicia propoexuit conem fuit in eadem curia quod appostolium illum Et quod predicta Aicia et inde quieta et Robertus
9 419 900 469 in munia Et illicuoe modo uen et profert cartam domini pe in uerba predicta Preterea eadem hac rectata est de retero
607 446 671 476 miat oeimo
5 449 901 508 Alani de Castello fratres si Latron qui quide una cum octio quil exunt ad quia coberin faciendum apud Maltum
10 481 894 535 cestotu et ibidem quandam dominam emedem ville occiderunt et pretere de eadem Roberi redierint ad bomnum euedem
6 514 875 558 Alice et ibidem dicta Rober parcita fuit Et ipsa alicuea conenciens ipsi Roberie parte quam sane habuerint Et
6 539 893 607 predicta acit requenta quam develit inde aquictare dictit quod non quodum est min uilte se ponere in aliqua Inquiede
6 577 289 633 in iuris sancto ipsa remittatis Gayoli
14 627 889 698 Egydnus de Nortpoll' perovai de Bureford' et Willelmus de Fynges et Iohanne de Castelo petrati de nerti
14 682 898 731 Regin de Sangy Et Egidus et Willelmus venet et dimint quod derici sement et quod nencno possunt hic rependeam et
7 714 883 768 Tr hoc tenemento fficus episcopi Comitu et Nichefeld et petito ipsos tanquam clericos et liberantur eidem Mxe¬
10 748 888 804 ut scatur qualis eidem liberari debeant inquirat rei uertas per partram iura dicint quod predicte Egidime
14 781 883 825 et Gillmi consenciente fuerit morti dicti Reginis sante caleo e liberantur Et Iohanne de Castello mid veno
16 816 884 860 et defendeum mortam et totum etc Et de bono et malo ponit se groxtia patram Et x2i Iur et pii vellum
15 850 884 905 propinquore dicunt m acreum suum quod predicto Iohannes non est culrius de predicta morte so inde quonda
3 915 893 992 sililicet de Duelegout retata de predicta morte venit et defendit mortem et totum et de bono et mobo tonm
14 968 890 1017 se eris partiam Et suri villtus de Luddelake Et xi sure maneri de Torfeud et quatuor Willelmo per pi¬
17 1001 829 1078 quiorem dicet erod Caprum omnium quod dicti abuer cun st ulstum de predict more santo ide quieta¬
14 1075 876 1136 Blamusi filii Willelmi de Gringes alias carptus fuit et impenatis in preona de Boringes et precira impatrent Rocerti
20 1121 871 1163 Domini per ut tartaum xi pli habendi cum cortibus iusticiaris qua michi non habeit ipsum scilicet Waltero aurifabro Willelmo Bouam
18 1152 859 1199 Rgeo Lambero Roberto fabro Roberto tuntori Nicholao le port Nicholao de Sallowe almarico tuinctoraum etes
22 1186 869 1233 Bnocte Willelmo filio Ricardi le pertur Rogero Feirthldo et Ricardo Batun de Sringe sacto in mia Et u t
18 1218 841 1277 quod predictum Alamis culqu est de morte Rogerus de Gangi Et quriim hoc test est quod Aanus tuanstxeta¬
40 1254 344 1315 Ybina et ibidem obit ut dicitur
