1000 1285
15 0 784 72 Ricardus de Issebill' et Thoma le Uygot in nuc pro pluribus defalter us tig
12 32 874 121 idem fticirdus cloem Gilbtes le clerseysufidem le tur ccable fiuerint ad reonbontum
17 61 954 151 vxn de plas quare cum sidicia et exotuciones sudicorum de malestiuibus sartis infralibtate farinus
12 96 965 178 te Norton ad ipsum Hugonei pertinennt idem Ricardos et alii libertatem ilam ingressi fii et quat latim
10 141 961 208 bodem cartaum et in pepentum euit calduxerit inpiudicium punento dugos liberitis qui predicta tontur pe¬
10 183 967 239 domini regis Et uente predictum Huigo per atteatum suum questum quod cum ad ipsum pertinent udicia et exsecutines licet
8 208 963 273 de qubustcunque malescionribus captis infra manerium de Norton ea famine quod dominum Rex domini predictum Maa¬
13 233 956 318 fuit in manu qua fuit in secima de predicti libertate de quibuscumque malestioribus captis inftra preadtum
13 271 956 336 eintuncpere alicuius lacrotum et similiter quidem Robertus le caraachal postquam i e et
4 305 965 370 domini regis snct feostaverat fartum de predicto Minio Dum omnibus libertatibus et liberis conuetis ad panrium hd
0 350 929 410 pertinentibus fuit in seiqina de eodo libertate stere quod Iuida Hugone le trec captuoulam cum manuorum
4 380 935 452 cimoditi euim finati in predicto manrio cepit et secundum consuetudinem regni quspendi fecto tstimalii
4 411 943 476 quidem Hugoryltn pater ipsius Rigis postquam dominus Rey qui nunc est feofaverit ipatem de predicto Paero
10 436 818 518 fuit instacia d edem liberatem d predictum canum pertintente cpost icotr ipsius Rugoi
2 464 952 552 de fortibus fili herec ipsius Hugonis et fimilis pe Hugo postquam recepit predictum garnium de Pedicto Willelmo
0 500 963 570 in escambium per quadam alio comerio quod eidedit tenend de domino rege in capite cum omnibus libertatibus ill
0 541 969 626 consuetudie ad predictum monium pertinentibus u ipse raione predicte libertatus quamdicti Iabellam de Assefed d¬
0 585 949 661 fec cum indimopere pnniorum furatorum et inpersenare inpregna sua deNton predicti Ricardo et ali uoei de
2 596 966 680 pars prxina test festim binte carie in scartio Annorse adpalictum Maum NNtton et perietis fai
29 626 964 716 presintam deconai epruint culuxerunt in bindicium ipsinuom dunis libertat que pridicte contra past
4 661 834 750 temen dict puo deterioratus est et dpnum libet ad valenim Cent milso et inde predunt fectam icn
0 704 969 779 Et Ricardus et alii tenti comeritus preter predictum Thomas bene cognoscuit quod ipsi predicto die ad predictum Saciam
0 770 964 823 predicti Hugonis tenerint tibidem in quadam domo ipsius Hugonis uibi predicta Iabelle inxgonat fuit
7 799 959 865 iposum ceperunt abduxerunt eo quod ipsa rectato fuit de morte cumsrdiam homines octisi apud Elecell
0 834 958 891 et kene dicunt quod predictus Hugo nila humiqinedi Kibertatem habet in unquam fuit in feqia de aliqua
0 876 967 924 tunodi libertat in predicto parrio libenti et quia predicti Ricardus et aii cognostuit quod ipatei coperunt predictam
0 910 958 955 Iabelli in prochia predicti Huginis noc ipsi rem pradem dedutere possint in iurdicium utrum predicta libertas pertinet
0 944 956 993 ad predictum Haginm nel non teciam uicot predictus Hugo funiste haberet presenam in predicto Manerio de
753 978 831 1010 iceipi
0 983 963 1028 Nton eti sine aliquo sarantopre dicti tircri et alum anctoritate suer prpe iusticiam abi Oli berte non possicti
1 1021 956 1060 nec aliqui dissegciri deket de libertatibus i liberis consuetudinibus sine iudicio tngidacumtest quod predicti
0 1052 377 1106 beirtis et aliis funt in ma pro transgratione cis¬
4 1086 956 1136 et Thome defende cun et sumis quando d tibene defendit quod ipse predicto die ad predictam peisonam non venit
5 1130 969 1186 nec predictam Iabis addugit neoc eciam predicta transgressio etipsum facti fuit sicut ei inponit t quod iad
0 1163 661 1213 git precitum se super partam Et Hugo siiliter so fande iurata
