800 600
12 0 674 81 in atas ast uti u ioi u uo li oi i e pei eio
11 5 791 163 face de e d dedatin uia hais ili l
21 61 792 210 petete dei adi e eraeae
287 108 780 200 golorio ine presentis Sicarius et habs us Alus i l e e ali de d¬
180 156 278 242 heri qro
300 151 781 239 Honesade dede dediani in presant t lamam pad eida
4 189 157 264 pr pe dto
251 189 787 316 ademeue dumnu Aesie duni de
107 209 279 294 per inadsed
44 234 777 390 aa aa
45 262 241 348 Maefrd
191 269 780 423 prede ei dunis
206 328 790 453 per earai dado
111 371 179 432 Simno
242 366 782 497 qua e detio
57 415 196 499 mexille
22 451 231 534 Pt e d
234 472 429 565 ara at ai ia
52 517 599 599 e esi haenis
