800 600
65 0 267 28 ister tettro reei in et
19 12 318 65 metore e Et inde predicaum dctam uo
26 4 770 117 et pedictus Walteum per Domerum de Wanhescre iem omn omna  efodis no niun quono x garos
52 48 779 151 qundam Thomas de ano plino predicti Radulphi cilicet filatis Alatis meltris Robert prati predicti Aadelis cui ha¬
20 83 757 178 iod est fuit soastrtus de pedicto Irario cum pertinentiis in domino suro it de feodo qui qundam Thomas er
23 132 776 219 noner Thome de Anne burgeni Worestre per cartam omnia dedit monineam prectum cum prtntiis et lla Manri
18 170 770 268 et tenemonum per monen capitalis mesuais sui Dmne supillacis in bonastri ua cum Testodius acris terre drbilis in frara¬
19 207 776 294 muros st pratum quod vodilitru Egeleham et maluerorum Quorm de Wyntterboyrue Gernaym et Tukelone cum
36 246 774 328 uel ueteris suis predictis hohanni de Faiondit t Klicie hobendas eisdem Iohanni et lilcis et eorum heredibus et assignai
27 283 778 367 inpeterum Rclligis so et heredus quas Ad warium Manera et onenm pretibus tmte petniis predictis habeeie ltet et orm
26 334 776 418 heci t assisntis irsibus quisuqum in petum ui Iuodiiciares habis deice
30 358 760 458 Malnero de Tuikeldon' tum bbenum fofanit predictum Walterum Et utc dixit quod os preter a Aiquos
39 399 777 491 prpesuo mullatis fuerit de Mhane pedictm predictus Raodulphus teneritus et hogs predicti Thomis ostem eria eum
52 448 763 532 cen eidem Wiallerus et assinam predicti Iohannis uorie nenre es ndum p predctus bbatus Alcion predidctum
673 492 775 560 peicta aratum et
27 493 669 584 fuit acram pedictem quo vesrs nun de ontinest mlncois posset N pault tn lidam
125 552 599 599 edicti ta
30 560 83 596 dnum
