885 433
551 0 840 55 cum mos fuit in dono sua In pace
16 0 532 70 Hengo de audam Mpluntfeldum quod ut en Ricartus filios promino
15 34 840 99 domini H De det proctam preter fetitus sancti Hyais duobus dimis tei pos ueni predicta Hultand cum forcta sua
15 69 852 133 et eam eicet de domo sua et appotaulit quiquid inter invenerint ut inpanos et tatibus aliis Robetis te aud
16 107 859 167 postes hunt predicti Agae ad uiceum et paoter patem domini R de ea pre pacem etca vencam predicti Iulando cum forca sua
15 130 633 189 et aditem iuri bones et duos eiset xn didentes notanter et poc se hemear
17 157 857 211 et huliuus non et defendit pacem infracam et Elone et tot tu et vesm ult die et dicti predicti agsati fuit
21 192 860 246 Bircacessa et de feodo ipsis et etr noluit neond cerio secudi consueta regni uen predicta Hubando Rot poere
27 236 857 275 sersam super hostium ibi tercis poeteto fuit ut sni cogert nendem secd consicti Rundei et quod ab
28 263 382 311 n Recerto nec aliaociam poteru se fice prtam
26 261 856 332 Euda pkot de Forca Willelmum Ruffum Iobennui Fauelt Huie vulte et hurt uoni e Weltem asbacis non
26 305 842 368 venerit velt accuais fuit prcim del hero deter et kalias et Anglem de eollem et sibades per grcia¬
33 346 652 406 le sanctipunt de Milham Robertus de la Foe de Tal et praomnes in md¬
266 373 623 431 u tericiam t in sualitao aaai
