938 835
6 0 911 56 Willelmus de Chidegate apud per berem domini r Willemum Thora Iocen haket Ricardum Haibet Thomae Thor
8 45 915 105 et Iobnnem festiarius quod ue fuit in pace domini re apud Westurokum dnde hostitum Eequine predicti Willemi cta¬
802 80 902 138 groo Sectu
11 89 793 147 Rorem Soegprapin die Ueneris Pxima ante festum sancti Iohannis Antde poram latimam Anno e
445 119 555 149 et aligaerint
19 133 902 210 predicti Willelmus et alii et ipsum ceperunt et inpresonauint in Curia einsdem Willelmi et ipsum in fsona de
11 162 903 235 tonuerunt pre duos diet quousque delibatus fuit per habe domini r et cum ipsum abire permiserunt predictum
17 205 895 273 Willemum uebauerint et maletraitauerint contra pacem etc Et quod hoc fecit nequitu et inslone et cni
23 257 266 337 Predetim dmn Nosffiem et
19 287 915 364 Et Willelmus Thort Iocens et ad uen et defendio felomam inpresondium et qui quid est contra predicte
26 339 915 409 domini r Et perteuint e allocari quod quado hoc fectum frieri debuit uitest non fuit fenatum in uincquam preita
26 382 906 445 in Comae presentacim Et quia hoc commitum per Toroma E Iur consodi est quod appstolium eius nmillum et
32 401 902 504 quinda ac prec perpat dominis dobruonidum inqurtam uictat per puaoaum Et huis dicict ec cad siem de
33 469 901 538 sibt fuit de inpresonamento st non de uerbatura se conodum est quod predictus Walleus de Chidegate
31 501 730 566 committatur Geoke pro filio appotolio Et predicti Willelmus Torel et alii tustoda prt terra
31 540 922 638 Et Ricardo le Clmerto TIohannes festhard non den Et predictus Willelmus Corel mannorum hacce ips corum Iuficiis
33 599 241 662 qu nuam
37 611 912 715 Fost uenu predictus Wilelmus Chorel et finem feti pro se et omnibus aliis appostolicis per E cobdo
45 699 119 759 per Prilipo
44 724 929 822 Nost uenint predicto Willelmus de Eudegate et finem feit pro dimiti nostre per prsta Henrici de Heltheton
