1093 975
47 1 1057 74 puam ecclesie t Marnt et sunturtum per victilis Sturo ac una abbas in curia hic acpernam assisa quio
31 31 1066 82 AHesus robm de Ressyeton teplacto quere cum de communi consilo reci togiios puisum sit quod non liceat aliqui casti¬
35 68 1064 120 ptrdicionem seun sestruccionem facaro et terris domibus boscis gngarciin comissiggibi acterminum cntemli amniorm
35 105 1061 157 rem eobtus e domibus earcinis in rssheton que Robertus quondam frior ve Maric d Huncynon pre¬
24 132 1058 174 docessor pedictum prioris ei dimisit ad ritam ipsius Roberti de Rissyeton' fecit pastum rendicionem et destactionem
31 167 1058 228 ad exheredacionem ecclesie ipsius frioris beate Marie de Huntyngton etcontra firmam pronisionis rogieis ex
28 202 1066 254 Et qurte no ven et alias preceptum fuit icter quod suum cemuem quod esset hic ad patum assisam Et viter nichil dege feait
34 243 1048 297 et manbavt quod predictus Robertus nicul habet in balliam gia obi potest onum ter soc preceptum suit vicetrt quod
32 270 1057 328 unum eum ad tenementu vastata ete quod esset hic die veneris procia post festum sancti Martini Et vnde ata le que
28 312 1064 358 ti predictus prior epud se versus predictm Robertum de predictoi placito Et pste non veni et vice tunc mandis quod pre¬
418 336 489 364 pceptu
22 344 1066 389 cerus Robertus fuit summ at ita quod tunt fuit vite quod atratha e quod esset hic die sabti proxia postfestum
23 374 1061 432 ciste fatine t a quem die predictus frir epod seversus predictum Robertum de predicto placto Et ipse tunc no rent¬
387 406 444 431 sici¬
20 410 1069 460 Et vic nichil mee feat ita quod turic prius preceptum fuit vicecerti quod aachalis eum quod esse hic ad hunt die
20 447 1065 500 siltem die Maricia proxia post octalias sancti Hillarii et modo vent predictus frir per predictum accraum suum tepr se ure¬
19 482 1069 539 prdicum Robertum de predicto plarito Et hiete non venit et vinte modo mandat quod predictus Robertus nichil hec
11 520 1073 566 in balliva via per quod potest attachalis sost preceptum est vitere pro stacutum tm quod distre eum per omnes terras  Et
8 554 1080 603 go se exitibus it Et quod habeat corpus eius hic die sabutei proxia pest ocabas puris beate Marie te ad quem
7 589 1080 637 die venit predictus frior per predictum attornatum suum teop se versus predictum Robertum se predicto placto Et ipse non vent
3 622 1069 672 et preceptum fait vicects quod distringe eum ut patec supra et vice modo mandat quod idem Robertus nichil habet
8 660 1073 703 in balliam sua per quod potestdistria so per stacutum preceptum est vitec quod in propria persona sua accedat ad predicti
0 691 1073 744 tenementis rastata et ibitem coram eo venire fiacarie 12 t etper eorum sacrnm siligente inquirat quod vastum quam
1 733 1077 782 vendicionem et testruccionem predictus Robertus fecit in predictis tenementis et inquisicionem inde distincte capte factam
7 768 1072 821 conscare sicais iusticiriis hic die Lune in prima septiam quacragesime sib sigillo etsigillis ter et interini ter
0 810 1079 868 lad quem dicte vicer non misit preceptum ro sioc prius preceptum est viter quod in propapersona sua accedat ad predicta
4 846 1071 899 tenementis vascata et ibidem coram eo venire sacodta 12 t et per eorum sacrmant diligenter inquirat quod
0 887 1054 974 n in quetum quienus fisum ei haie mnio et omis eiet r fritus
53 934 974 974 vive in Crastino quindene Pascha Sub¬
