1179 310
11 10 1021 74 Rogerus ate Grare de magna Hodyngton felonice interfetit quendam Nicholaum le Roo de Wylebi in cam
3 42 1022 103 Et statim post sectum captus fuiri et duccis ad gcolam Castri sorh' in custodia Iohannis de Wyligly
151 88 322 111 ti truent f
0 75 1026 143 respond eius heredes quo devenit postea ven pobitus filius e heres predicti Iohannis et allocicur de predicto
3 116 740 167 dene Dicto quod non potest deditere quin fuit vi tempore quo predictus Rogerus cel¬
613 144 774 195 prsonum existencium
3 151 584 194 temporis fuit constabularis castri Iohani et habuit custodiam omnie
616 184 675 216 gnc s¬
3 185 391 225 numquam in custoda predicti Iohannis devenit Et
833 199 924 236 re de predct
618 207 676 249 Iby et
144 210 388 262 postel ven Roberto filio et
11 216 114 254 sancti Halai et
1083 0 1143 54 teribus
1077 78 1143 118 ne quo
